4856 5954
926 607 1237 690 ...17-

271 845 346 963 que
372 860 534 938 omnino
563 855 798 929 destitutum
824 865 892 926 e'st.
965 855 1025 924 De
1051 854 1189 947 prioris
1224 854 1386 926 nomine
1417 859 1642 934 Goertnarus
1673 845 1893 931 dubitanter

270 985 566 1095 pronunc1at,*)
602 997 694 1067 dum
716 993 864 1086 Trapae
890 991 1041 1061 natanti
1068 1015 1148 1063 non
1174 991 1253 1062 nisi
1280 993 1595 1090 integumentum
1616 997 1778 1074 unicum
1800 999 1895 1068 sim-

268 1141 359 1233 pler
378 1134 527 1208 tribuit
595 1131 635 1203 Si
660 1129 896 1202 sententiam
916 1125 1235 1202 Clarissimorum
1262 1131 1431 1202 virorum
1454 1132 1594 1202 Broutn
1620 1149 1660 1202 et
1684 1135 1890 1223 Brognt‘ort

267 1292 532 1372 sequeremur,
572 1268 672 1340 illud
704 1269 935 1340 membrana
960 1271 1116 1337 externa
1149 1291 1178 1337 s.
1200 1283 1324 1340 testa
1339 1267 1467 1339 vocari
1500 1267 1670 1341 deberet
1719 1285 1891 1341 attamen

265 1391 447 1503 rationes,
472 1429 589 1501 quare
608 1421 783 1500 praestet,
810 1405 939 1501 ipsum
959 1405 1202 1476 membranae
1223 1405 1284 1476 ovi
1301 1406 1476 1478 internae
1498 1405 1658 1476 nomine
1678 1405 1888 1504 designare,

264 1547 317 1618 ex'
343 1544 652 1618 antecedentibus
679 1545 794 1617 facile
819 1541 1001 1637 petendas
1029 1564 1110 1613 esse
1131 1542 1417 1648 existimamus.
1459 1543 1597 1638 quibus
1618 1541 1764 1616 accedit
1786 1541 1890 1636 quod

265 1658 391 1778 ipsius
416 1659 612 1752 crassities
632 1678 897 1754 maturitatem
922 1701 1051 1753 versus
1078 1679 1222 1756 sensim
1252 1682 1472 1776 minuatur,
1515 1681 1625 1769 cujus
1654 1678 1888 1752 contrarium

263 1819 432 1893 intesta
458 1819 646 1891 observari
672 1819 779 1890 solet.
844 1817 940 1890 Inde
966 1819 1151 1914 sequitur,
1189 1818 1234 1890 in
1260 1820 1407 1912 Trapae
1432 1817 1581 1890 semine
1606 1831 1747 1888 testam
1772 1818 1887 1909 plane

260 1957 483 2054 desiderari,
511 1961 622 2049 cujus
643 1939 743 2028 vices
760 1957 927 2050 supplet
938 1955 1086 2028 fructus
1104 1958 1149 2030 in
1164 1937 1409 2030 involucrum
1429 1975 1581 2026 osseum
1600 1953 1743 2047 abiens,
1768 1973 1890 2024 mem·
1984 1996 1991 2020 ι

262 2093 404 2173 branae¹
429 2075 606 2170 interbae
631 2094 844 2166 arctissime
868 2093 1131 2192 adplicatum„
1172 2095 1305 2189 Neque
1333 2093 1442 2166 dubii
1468 2111 1602 2162 sumus
1625 2091 1729 2172 circa
1754 2059 1888 2158 secun·

265 2207 354 2306 dam
381 2229 493 2308 illam
519 2233 704 2324 tunicam,
744 2253 860 2326 quam
887 2231 1131 2330 perispermii
1155 2233 1315 2304 nomine
1342 2228 1637 2326 designavimus,
1672 2247 1753 2296 esse
1779 2225 1885 2294 enim
1980 2197 1984 2208 ¹

263 2365 360 2444 tale
376 2395 422 2444 ex
454 2372 576 2468 ipsius
607 2385 790 2442 contextu
820 2370 1004 2443 celluloso
1035 2359 1133 2464 taxo,
1167 2383 1206 2440 et
1229 2369 1351 2464 plano
1372 2379 1550 2428 vasorum
1575 2358 1726 2430 defectu
1756 2375 1885 2460 patere

264 2485 507 2579 arbitramur:
554 2532 652 2575 num
685 2531 772 2576 vero
803 2509 857 2579 ‘sit
883 2506 1182 2610 perispermimn
1211 2490 1377 2564 exterius
1397 2496 1471 2573 ,rel
1497 2493 1677 2584 interius,
1717 2515 1798 2566 non
1830 2497 1886 2566 ita
1997 2538 2004 2560 t

255 2619 392 2716 tacite
402 2643 479 2712 diri
505 2657 640 2728 purast
693 2633 803 2705 Prius
821 2645 961 2701 tamen
988 2629 1163 2700 obtinere
1187 2629 1446 2716 ¹verosimilius
1473 2645 1543 2722 cst,
1569 2629 1781 2702 sinodum
1801 2655 1886 2726 per-

245 2774 488 2871 .pendamus,
521 2795 597 2864 quo
624 2769 779 2860 embryo
805 2767 907 2836 intra
932 2763 1032 2836 illud
1060 2765 1189 2860 ipsum
1215 2767 1421 2838 formatur:
1467 2767 1542 2838 hoc
1568 2765 1675 2839 enim
1702 2765 1786 2839 fieri
1812 2789 1884 2862 ope

263 2910 457 2986 involucri
482 2907 591 2980 tertii
617 2905 743 3001 prima
768 2902 985 2996 embryonis
1019 2903 1135 2976 initia
1167 2917 1207 2972 et
1231 2903 1434 2976 funiculus
1459 2919 1672 3007 tortuosus,
1712 2925 1788 2998 quo
1814 2904 1884 2976 ille

263 3069 358 3122 tunc
384 3066 592 3139 suspensus
619 3055 687 3132 est,
715 3040 849 3111 docere
873 3039 1065 3148 videntur.
1116 3039 1312 3136 Singulari
1331 3054 1464 3114 tamen
1483 3040 1609 3134 modo,
1636 3041 1787 3135 illique,
1814 3041 1883 3134 qui

262 3191 307 3259 in
333 3169 567 3279 Nyrnphaeis¹
595 3203 637 3256 ac
663 3174 907 3250 Scitamineis
931 3177 1062 3248 locum
1088 3176 1214 3268 habet,
1240 3175 1429 3269 opposito,
1455 3192 1639 3248 neutrum
1659 3179 1801 3266 horum
1824 3179 1903 3268 inp

238 3307 508 3396 fvolucroruin
535 3283 789 3411 augmentum
817 3282 947 3405 capit,
969 3313 1073 3384 unde
1099 3309 1225 3382 omnib
1251 3311 1414 3384 materia
1438 3311 1707 3386 alibilis.circa
1731 3329 1881 3406 partem
1982 3305 1991 3314 “

262 3445 481 3550 embryor'tis
509 3433 814 3546 cotyledouarem
840 3433 1108 3518 accumulatur
1132 3459 1170 3513 et
1195 3439 1381 3522 nucleum
1412 3443 1573 3517 seminis
1601 3448 1880 3520 crassissimum
1945 3451 1954 3458 '

263 3593 399 3666 efficit.
424 3629 477 3646 --
515 3579 715 3671 Similiter,
751 3597 798 3653 ut
823 3579 868 3652 in'
893 3579 1030 3675 Trapa,
1062 3579 1183 3674 quoad
1213 3581 1411 3688 invoiucra
1438 3578 1499 3650 ovi
1526 3583 1723 3677 exteriora,
1753 3608 1812 3656 res
1839 3607 1879 3656 se

249 3733 379 3806 ‘habet
404 3729 448 3800 in
480 3719 752 3819 ffinbellffaris,
794 3681 957 3828 auarum
989 3715 1167 3814 singulus
1198 3717 1346 3790 fructus
1380 3717 1513 3789 statim
1543 3732 1631 3812 post
1661 3723 1880 3815 petalorum

263 3851 354 3942 cum
382 3845 608 3937 staminibus
635 3859 844 3944 defluxum,
885 3854 956 3926 sub
982 3867 1100 3925 strato
1125 3853 1306 3925 celluloso
1333 3852 1517 3948 simplici,
1557 3850 1659 3950 quod
1686 3879 1771 3928 vasa
1796 3881 1880 3953 pro-
1924 3865 1927 3872 ’

191 4029 199 4042 ·
248 3981 528 4102 'briaoleife'ra
552 4009 791 4091 percurrunt,
818 3963 1022 4064 cariiatem
1047 3989 1213 4086 exhibet,
1239 3991 1350 4082 cujus
1372 4013 1591 4085 supremam
1616 4005 1772 4066 tautum
1796 4017 1881 4093 par.

245 4121 362 4214 'iani'
379 4125 499 4212 ovum
528 4103 757 4229 ausbensu'm
788 4126 960 4222 occupat.
1038 4107 1196 4200 Constat
1227 4127 1327 4202 iliud
1360 4141 1492 4202 autem
1517 4150 1598 4214 nou
1623 4129 1702 4202 nisi
1727 4130 1880 4228 iutegu·
1998 4185 2001 4192 ,

266 4257 399 4352 mento
425 4251 543 4349 unico
569 4291 692 4344 crasso
718 4291 760 4342 ac
785 4263 960 4364 pulpos'o,
999 4261 1044 4336 in
1069 4268 1178 4356 cujus
1203 4257 1405 4360 sudcrficie
1429 4265 1703 4340 commissurae
1726 4269 1880 4342 obversa

245 4373 386 4440 asinas
517 4407 572 4443 ι.
649 4379 653 4386 “
743 4379 748 4388 ’

142 4542 147 4553 ¹
245 4533 662 4581 effi.)
776 4549 780 4562 ·
879 4568 923 4582 ..
1021 4531 1234 4584 ,{'.·
