4856 5954
919 689 1227 766 ..19-

259 942 404 1029 haeret,
435 925 517 1004 sbla
540 927 763 1042 membrana
788 924 955 1018 interna,
981 947 1079 1020 quae
1104 925 1180 998 boc
1203 925 1291 996 loco
1314 897 1548 1042 peculiarem
1567 931 1618 1024 ⁸in
1644 935 1804 1012 modum
1828 941 1886 1013 in·

261 1089 422 1170 crassata
448 1081 519 1152 est,
545 1087 618 1138 nec
643 1087 729 1170 non
749 1077 859 1156 testa,
886 1062 1117 1162 contegitur·
1171 1065 1273 1138 Cum
1296 1083 1409 1158 porro
1436 1064 1584 1142 fructus
1611 1061 1722 1145 nu'cis
1739 1078 1886 1150 Avella.

260 1233 343 1306 nne,
375 1213 492 1279 ovum
520 1217 651 1286 autem
677 1201 756 1272 Pisi
782 1197 945 1271 minoris
971 1200 1117 1272 molem
1143 1189 1232 1274 fere'
1247 1198 1496 1298 nanciscitur,
1536 1209 1663 1282 colore
1690 1211 1772 1299 ejus
1799 1214 1884 1287 albo
1924 1202 1929 1210 ’
1993 1224 1999 1236 ’

258 1349 386 1424 adhuc
411 1338 655 1440 persistente,
681 1333 980 1433 perispermium
1006 1335 1050 1406 in
1077 1357 1121 1408 ca
1146 1334 1209 1408 sui
1234 1350 1352 1431 parte,
1377 1359 1454 1433 qua
1479 1344 1656 1436 proxime
1682 1349 1804 1423 ambit
1822 1352 1885 1424 ovi

28 1505 34 1519 ·
149 1511 158 1528 ι
260 1507 410 1572 cavum,
447 1475 574 1574 primo
600 1475 824 1567 indurescit,
866 1471 961 1546 dum
988 1471 1175 1546 nlollities
1207 1473 1252 1544 in
1273 1473 1466 1550 exteriori
1491 1493 1609 1551 strato
1623 1504 1708 1556 ‚nec
1735 1489 1886 1561 nonin

258 1617 493 1695 membranis
518 1614 580 1688 ovi
605 1610 795 1710 persistat,
822 1633 894 1684 nec
919 1609 1027 1707 prius
1054 1634 1170 1706 quam
1194 1611 1269 1682 hoc
1295 1613 1363 1686 liat
1389 1613 1516 1708 prima
1535 1619 1754 1713 embryonis
1775 1625 1885 1696 vesti-

261 1759 326 1858 gia
351 1767 594 1871 comperenn
635 1749 821 1842 Reliquae
848 1746 912 1820 cvi
932 1749 1167 1822 mutationes
1190 1747 1236 1820 ad
1260 1749 1523 1824 maturitatem
1544 1775 1668 1848 usque
1688 1760 1762 1831 hae
1779 1777 1884 1854 sunt,

261 1911 308 1970 ut
333 1893 488 1988 embryo
513 1887 671 1963 tandem
697 1909 833 1960 cavum
859 1885 922 1957 ovi
948 1901 1077 1958 totum
1103 1885 1259 1982 repleat,
1286 1887 1585 1984 perispermium
1612 1891 1784 1966 indolem
1807 1922 1885 1970 cor-

200 2107 203 2116 ,
259 2056 374 2106 neum
399 2030 550 2122 induas,
575 2026 797 2140 membrana
820 2021 972 2096 interne
996 2039 1128 2096 sutem
1153 2037 1384 2096 extenuetur
1409 2039 1448 2096 et
1469 2027 1649 2101 exteriori
1671 2031 1886 2128 adglutina-

202 2131 206 2137 ⁵
260 2187 337 2261 tur,
363 2189 462 2266 quae
488 2166 571 2260 ipse
597 2161 820 2236 notabiliter
845 2159 1053 2254 crassescit,
1079 2159 1201 2252 inque
1227 2159 1397 2234 colorem
1422 2162 1656 2259 brumarum,
1682 2191 1772 2240 mox
1797 2195 1887 2244 vero

254 2320 390 2404 ⁸utrum
415 2301 624 2392 transiens,
662 2296 820 2370 tandem
852 2297 1038 2370 duritiem
1069 2295 1149 2368 fere
1173 2292 1367 2393 lapideam
1398 2297 1636 2392 adipiscitur.
1669 2339 1721 2358 --
1759 2305 1885 2380 Habes

219 2525 224 2540 .
260 2413 393 2537 itaque
418 2439 485 2512 bic
509 2439 554 2510 in
580 2439 713 2508 Caum
736 2433 851 2505 modo
878 2438 994 2528 plane
1020 2431 1216 2510 differenti
1249 2435 1295 2500 ab
1328 2429 1411 2526 illo,
1451 2433 1522 2526 qui
1552 2437 1598 2508 in
1623 2436 1764 2511 Ricina
1791 2443 1886 2516 obti.

199 2595 201 2602 ·
261 2591 341 2670 net,
367 2569 663 2672 perispermiu'm
680 2569 847 2644 exterius
861 2570 906 2640 in
926 2567 1110 2670 albumen
1130 2566 1291 2639 seminis
1310 2583 1520 2664 mutatum,
1548 2572 1749 2648 deficiente
1766 2580 1886 2654 simul

262 2711 372 2785 omni
396 2681 593 2782 interioris
623 2731 653 2780 s.
680 2704 805 2778 amnii
829 2700 1010 2800 vestigio:
1055 2704 1161 2784 unde
1186 2704 1306 2777 simul
1338 2721 1456 2802 patet,
1488 2707 1596 2781 illius
1621 2693 1754 2807 nattis,
1787 2741 1886 2810 quae
1983 2679 1985 2686 Ι

262 2848 307 2918 in
333 2843 575 2916 Scitamineis
599 2842 697 2914 veris
724 2839 858 2912 vitello
885 2834 1045 2910 nomine
1072 2841 1273 2950 salutatur,
1306 2843 1424 2915 etlam
1450 2841 1495 2914 in
1522 2847 1676 2919 Cannae
1702 2873 1771 2942 ovc
1797 2857 1886 2926 nul·

262 2984 348 3054 lum
375 2979 538 3053 existere
563 2976 829 3078 rudimentum
857 2991 896 3046 et
921 2975 1016 3046 hinc
1046 2973 1124 3046 Cel.
1151 2977 1319 3070 Brorunz'i
1352 2979 1545 3059 sententia
1572 2983 1619 3070 de
1644 2999 1730 3058 ortu
1757 2987 1883 3064 vitelli

264 3119 308 3190 in
335 3117 453 3192 hocce
479 3119 701 3214 plantarum
728 3113 861 3188 ordine
886 3102 1055 3186 maxima
1081 3112 1261 3206 naturali,
1294 3117 1512 3190 confirmari
1539 3117 1699 3192 videtur.
