4856 5954
259 1007 393 1042 ..
883 825 1110 1034 st·

342 1086 422 1160 Hac
450 1075 800 1156 subintrantium
826 1073 1107 1150 sententiarum
1134 1071 1231 1145 circa
1258 1067 1518 1142 membranam
1547 1061 1609 1136 ovi
1631 1082 1672 1134 ac
1694 1055 1855 1135 seminis

232 1189 435 1298 ⁴internam
462 1181 745 1314 dispiciendum
770 1229 840 1310 eet,
878 1234 1069 1308 quaenam
1097 1221 1193 1280 note
1225 1205 1389 1298 axillis,
1428 1227 1526 1299 quae
1551 1203 1721 1298 prolatae
1751 1211 1854 1288 sunt,

240 1359 376 1434 ceteris
403 1333 645 1456 praeferende
671 1351 845 1424 videatur
877 1365 918 1421 et
949 1348 1144 1444 profecto,·
1177 1367 1273 1440 quae
1306 1343 1363 1416 Cl.
1396 1339 1533 1412 Brown
1565 1360 1679 1432 super
1709 1335 1782 1406 hac
1815 1351 1856 1406 re
1936 1363 1941 1372 ·

232 1493 363 1590 docet,
388 1494 491 1568 sicut
515 1489 646 1565 omnia
670 1487 773 1560 tanti
800 1485 873 1559 viri
896 1486 1022 1585 effata,
1045 1505 1198 1558 summa
1223 1479 1437 1556 attentione
1460 1477 1577 1576 digna
1593 1487 1700 1547 sunt.
1753 1475 1858 1544 Atta·

232 1607 333 1704 ⁸rraeu
365 1629 458 1704 licet
485 1629 660 1716 foramen
692 1622 916 1700 tunicarum
946 1621 1010 1695 ovi
1032 1619 1139 1696 haud
1167 1641 1249 1690 raro
1276 1614 1404 1687 adesse
1427 1614 1629 1708 fateamur,
1671 1627 1710 1683 et
1745 1605 1857 1682 nobis

240 1762 343 1838 illud
358 1743 518 1864 ‘quoque
543 1763 588 1836 in
613 1763 704 1857 Pisi,
742 1759 921 1864 Phaseoli
944 1759 1186 1852 aliarumque
1209 1754 1430 1852 plantarum
1455 1752 1604 1824 semine
1628 1748 1779 1844 saepius
1805 1743 1858 1816 eit

241 1898 497 1976 observatum:
529 1901 575 1973 in
587 1899 724 1973 Ricino
746 1914 889 1992 tamen,
915 1897 984 1970 ubi
1004 1895 1146 1994 pariter
1171 1891 1299 1965 edesse
1317 1893 1526 1984 videbatur,
1552 1889 1609 1962 ita
1635 1901 1680 1958 ut
1705 1883 1854 1977 abipso

240 2035 483 2128 Brogninrtio
518 2037 571 2108 sit
611 2035 725 2108 icone
759 2001 999 2131 expressum,
1043 2029 1280 2106 accuratiore
1313 2027 1555 2124 inspectione
1592 2025 1708 2114 iacta,
1753 2015 1856 2091 iliud

239 2169 404 2246 omniuo
435 2171 750 2264 desideravimus,
790 2167 964 2266 quamvis
993 2166 1144 2240 adesset
1169 2165 1298 2239 nuclei
1331 2189 1360 2238 s.
1385 2161 1629 2262 perispermii
1660 2175 1882 2256 protessusv

238 2305 449 2380 obconicus
452 2307 718 2424 descendens,
750 2327 830 2400 quo
853 2307 940 2378 loco
967 2305 1086 2378 simul
1113 2303 1331 2376 membrana
1356 2315 1437 2374 tam
1462 2302 1626 2424 interne,
1653 2316 1769 2389 quarn
1796 2315 1857 2362 ex·

238 2453 348 2514 terna
381 2439 589 2540 insigniter
616 2443 779 2516 inerunt
802 2457 1042 2516 extenuatae
1107 2439 1286 2536 Optimus
1312 2434 1543 2510 Guertner'us
1575 2453 1727 2542 quoque¹
1753 2429 1856 2500 inter

238 2577 519 2652 membranae'
507 2595 682 2678 internae
708 2579 814 2652 dotes
835 2580 912 2652 hoo
937 2593 1120 2670 recenset,
1145 2571 1244 2671 quod
1269 2591 1488 2672 aperturam
1514 2571 1676 2660 nullam,
1702 2589 1752 2639 ne
1772 2585 1856 2636 um·

238 2711 435 2788 bilicalem
461 2715 630 2813 quidem,
658 2717 799 2790 hebeat
818 2731 864 2788 ‚et
888 2713 1098 2788 novissimo
1124 2727 1294 2808 tempore
1320 2713 1400 2784 Cel.
1425 2695 1856 2804 Raspaiiusostendere

239 2865 399 2930 conatus
423 2865 496 2939 est,
509 2846 548 2935 *)
581 2872 661 2953 non
687 2850 817 2941 edesse
840 2851 919 2923 tale
942 2831 1116 2922 foramen
1142 2864 1271 2942 testae,
1297 2849 1410 2946 quale
1435 2846 1604 2918 Greroius
1625 2843 1769 2938 aliique
1795 2838 1856 2910 de·

228 2956 482 3090 'seripserinu
520 2985 586 3100 sed
612 2955 821 3080 essequod
852 2987 931 3057 tale
961 2983 1159 3058 videbatur
1191 2953 1469 3080 depressionem
1501 2985 1663 3074 hujusce
1688 2977 1855 3065 tunicae,

238 3119 320 3190 ab
304 3119 522 3238 insertione
547 3089 681 3238 organi
707 3119 907 3209 cujusdam
933 3119 1234 3217 perispermatici
1259 3122 1495 3216 productam.
1548 3123 1722 3212 Cumque
1738 3113 1857 3188 simul

240 3277 309 3328 nec
351 3255 407 3330 Cl.
432 3257 642 3355 Brognr'ort
674 3255 898 3354 contigerit,
938 3255 1052 3328 istius
1084 3275 1280 3352 aperturae
1315 3252 1568 3351 praesentiam
1604 3253 1646 3327 in
1674 3250 1873 3324 omnibus*

240 3392 382 3489 plantis
406 3413 466 3508 err.
489 3413 548 3490 gr.
574 3391 620 3464 in
644 3389 868 3490 Tropaeou,
895 3393 1132 3486 confirmare,
1156 3395 1272 3483 huius
1290 3391 1397 3462 dubii
1414 3391 1652 3468 solutionem
1678 3385 1855 3462 ulteriori

240 3529 433 3601 scrutinio
452 3549 640 3600 reservare
664 3527 857 3617 convenit,
883 3529 1126 3624 quodetiam
1148 3529 1247 3600 valet
1265 3525 1311 3598 de
1330 3551 1416 3608 usu
1443 3519 1561 3622 quem
1587 3525 1653 3600 isti
1674 3525 1854 3602 foramini

231 3626 461 3764 ¹tribuerunt
487 3665 545 3736 Cl.
570 3659 657 3750 viri,
690 3685 779 3736 curn
805 3662 1007 3738 videantur
1032 3663 1211 3738 materiae
1235 3681 1315 3740 tam
1341 3665 1509 3757 subtilis,
1540 3664 1664 3760 qualis
1691 3665 1857 3738 essentia
1906 3723 1912 3734 ,

244 3799 416 3898 pollinis
427 3800 601 3895 proliiica
628 3798 793 3892 videtur,
818 3800 901 3874 viee
919 3825 1000 3874 non
1021 3798 1144 3898 magis
1166 3817 1302 3896 patere,
1328 3827 1444 3898 quam
1464 3823 1599 3872 succus
1622 3784 1854 3896 plantarum,

242 3939 335 4014 dnm
370 3959 415 4010 ex
449 3906 527 4020 une
559 3935 744 4012 cellule
731 3959 775 4010 rn
801 3937 1013 4032 proximam
1047 3904 1203 4030 transit,
1239 3939 1342 4036 poris
1373 3939 1688 4014 membranarum
1718 3939 1854 4022 uritur

243 4073 354 4187 99¹²¹9
380 4073 441 4167 vel
467 4040 612 4144 armato
629 4071 957 4188 demonstrandis.
1017 4074 1181 4146 Satius
1171 4091 1297 4170 itaque
1325 4089 1452 4146 nostre
1477 4073 1638 4168 quidem
1664 4074 1856 4148 sententie

236 4166 421 4300 videtur,
432 4166 867 4306 membranasrnternae
889 4209 1154 4286 nominatum
1180 4215 1385 4287 Gaertnero
1405 4212 1514 4286 illam
1535 4227 1615 4285 tana
1638 4211 1711 4304 ovi,
1740 4231 1854 4306 quem
1938 4189 1940 4194 ’

246 4447 549 4470 mna-ann-

334 4613 372 4676 )
400 4609 547 4666 Memeire
565 4620 749 4668 conseruent
767 4611 960 4684 l'ourerture,
979 4613 1163 4692 queorew·
1182 4614 1295 4668 detrita
1313 4618 1342 4669 le
1360 4615 1557 4686 premiserat
1575 4617 1603 4671 le
1622 4611 1693 4670 Teet
1711 4609 1858 4692 dorgani-

260 4703 281 4732 “’
386 4723 446 4764 tres
466 4708 578 4766 Paret.
597 4695 716 4782 despuit.
755 4699 860 4782 (Mein.
882 4703 921 4765 d'u
939 4699 1017 4768 Mur.
1038 4715 1147 4774 dutus.
1169 4697 1228 4770 ant
1250 4717 1322 4770 xlv.
1344 4720 1416 4784 191.)
1454 4795 1480 4866 ἱ
