4856 5954
1168 575 1491 706 ...15-

521 876 728 976 iasciculus
755 826 930 964 rascrum
955 870 1017 940 vel
1043 868 1208 980 simplex
1233 867 1294 939 rel
1321 845 1464 962 duplex
1492 865 1700 960 descendit,
1729 845 1983 970 ita¹quidem,
2009 887 2056 944 ut
2080 873 2152 960 sub
2189 867 2192 874 ’

526 1017 636 1114 apice
662 1031 778 1084 ovum
805 1006 914 1077 adeat
940 1021 978 1078 et
1002 1005 1146 1123 inubasi
1174 1004 1258 1094 ejus
1276 1005 1490 1078 terminum
1516 1027 1634 1076 suum
1659 1004 1807 1090 habeat.
1860 1007 1988 1078 Hocce
2007 1005 2157 1082 involu-

530 1175 640 1230 crum
664 1147 794 1223 exac'te
819 1141 941 1216 ambit
967 1139 1277 1236 perispermium,
1304 1143 1408 1235 quod
1434 1157 1515 1273 tam
1538 1139 1719 1236 mollitie,
1745 1165 1861 1236 quam
1880 1143 2156 1238 pelluciditata
2238 1151 2242 1156 “

533 1315 601 1368 sua
626 1290 672 1372 ab
697 1286 768 1356 illo
793 1281 926 1356 statim
959 1303 1000 1356 se
1027 1279 1236 1376 distinguit
1268 1260 1308 1352 et
1341 1281 1452 1368 cujus
1484 1278 1624 1354 cavitas
1658 1279 1867 1378 perexigua
1898 1281 2058 1357 nullum
2090 1280 2159 1355 du·

340 1475 345 1492 .
463 1519 468 1530 ¹
533 1445 643 1506 rente
669 1427 740 1498 hac
766 1418 921 1514 periodo
947 1417 1196 1510 embryonem
1221 1417 1335 1490 luvet
1388 1421 1633 1492 Incrementa
1657 1416 1723 1499 ori
1742 1401 1798 1490 ita
1819 1415 1932 1510 iacto,
1960 1433 2007 1490 ut
2024 1417 2160 1519 nullus

438 1589 475 1609 ··
534 1562 704 1664 supersit
747 1557 849 1630 inter
894 1555 996 1626 illud
1031 1553 1281 1648 fructumque
1317 1553 1466 1646 hiatus,
1517 1555 1837 1652 integumentum
1879 1553 2042 1627 ambitu·
2077 1533 2163 1646 dui·

504 1764 508 1776 .
538 1707 625 1777 dem
647 1711 822 1793 augetur,
849 1693 1020 1764 crassitie
1042 1710 1169 1766 autem
1192 1693 1406 1769 minuitur:
1445 1693 1567 1768 simul
1591 1689 1837 1788 perispermii
1855 1686 2166 1788 molesinsigni·

535 1857 596 1912 ter
625 1850 736 1908 aucta
762 1828 1018 1902 substantiam
1051 1805 1161 1900 stiam
1193 1831 1453 1906 semifluidam
1486 1831 1532 1907 in
1563 1814 1721 1926 opacam
1755 1851 1951 1902 carnosum
1983 1823 2164 1918 mutavit,

538 2001 615 2076 qua
640 1973 710 2046 sub
736 1965 954 2042 mutatione
974 1965 1129 2060 embryo
1154 1967 1199 2040 in
1225 1935 1347 2066 ipsius
1366 1969 1475 2066 apice
1492 1968 1668 2069 generari
1686 1965 1843 2064 incipit,
1868 1985 2047 2064 processu
2065 1977 2166 2034 tem·

436 2167 440 2178 .
541 2113 645 2212 poris
671 2109 851 2184 deorsum
875 2127 1059 2202 crescens·
1121 2083 1278 2179 Maturo
1307 2107 1458 2184 semine
1484 2105 1628 2202 duplex
1650 2103 1896 2202 perispermii
1920 2105 2167 2200 integumett·

539 2271 641 2340 tum,
672 2263 840 2339 quorum
866 2227 1031 2314 euterius
1058 2265 1080 2314 a
1105 2243 1251 2338 fructu,
1284 2245 1450 2334 interius
1477 2259 1609 2316 autem
1633 2221 2009 2334 tenuissimum‘est,
2041 2237 2168 2310 adhuc

540 2382 849 2480 conspiciuntur·
914 2371 1098 2450 Videmus
1129 2382 1262 2474 itaque
1292 2400 1333 2456 et
1363 2382 1408 2456 in
1444 2382 1521 2454 isto
1547 2403 1617 2454 ovo
1644 2369 1726 2452 non
1750 2381 1878 2454 adesse
1902 2375 1984 2452 nisi
2007 2375 2169 2452 unicam

541 2523 737 2608 tunicam,
775 2533 875 2606 quse
898 2531 946 2580 ex
976 2507 1115 2580 iisdem
1141 2519 1374 2614 rationibus,
1403 2521 1545 2614 ¹quales
1576 2520 1620 2588 in
1649 2520 1774 2610 Trapa
1805 2519 1951 2605 valens,
1990 2515 2168 2584 internae
2296 2605 2301 2616 ι

543 2651 704 2734 nomine
729 2645 889 2724 salutari
912 2658 1094 2716 meretur·
1157 2643 1302 2718 Pariter
1327 2665 1408 2716 non
1432 2639 1513 2714 nisi
1540 2649 1703 2724 unrc'um
1728 2650 1835 2724 adest
1858 2639 2170 2750 pe'rirperminm,

542 2799 714 2885 interno,
746 2787 781 2863 si
806 2785 904 2860 bone
929 2803 1011 2854 rem
1039 2779 1331 2868 observavimus,
1367 2779 1530 2852 omnino
1557 2778 1771 2856 deficiente.

1289 3087 1433 3212 §.ts
1501 3091 1511 3104 ’

676 3319 825 3396 Ultimo
850 3321 954 3408 loco,
991 3317 1180 3412 quidnam
1206 3315 1492 3418 observationes
1517 3313 1629 3390 nobis
1656 3315 1859 3392 docuerint
1890 3316 1990 3418 circa
2018 3317 2174 3390 Cannae

552 3461 704 3558 indicae
720 3457 765 3528 L.
793 3473 909 3521 ovum
937 3463 977 3520 et
995 3451 1186 3542 quomodo
1211 3451 1258 3520 in
1282 3472 1415 3524 semen
1439 3453 1654 3548 perlectum
1679 3454 1798 3544 abeat,
1823 3450 1956 3546 paucis
1982 3473 2175 3547 exponere
2198 3424 2203 3438 ⁵

437 3573 452 3591 ⁵
554 3599 674 3674 lubet.
724 3585 1034 3662 Foecundatione
1060 3586 1191 3681 itaque
1217 3584 1279 3658 vix
1304 3595 1463 3683 peracta
1481 3589 1628 3690 fructus
1655 3589 1734 3662 Pisi
1758 3587 2069 3686 magnitudinem
2094 3591 2174 3666 tere

550 3734 680 3816 habet,
707 3749 823 3800 orum
848 3738 980 3796 autem
1005 3722 1182 3820 Sinapios
1208 3745 1372 3840 granum
1398 3721 1724 3824 magnitudine'
1688 3749 1753 3798 vix
1771 3739 1940 3820 su.perat
1974 3694 2071 3800 tunc
2091 3726 2174 3819 ejus

543 3847 724 3948 ιοιιὶὸιιε
748 3863 848 3934 facta
868 3859 1114 3934 involucrum
1134 3875 1342 3982 utrumque
1364 3861 1598 3958 conspectui
1607 3883 1648 3932 ss
1667 3860 1843 3958 exhibet,
1861 3884 2026 3956 quorum
2043 3875 2175 3947 tamen

554 4003 723 4084 exterius
749 3995 1028 4072 tenuissimum
1051 4012 1128 4092 est,
1168 4010 1215 4101 ιιι
1239 3998 1320 4071 six·
1328 3997 1518 4096 distingui
1543 3999 1677 4096 possit
1754 3997 1981 4074 Membrana
2010 3999 2176 4091 interne,

468 4227 500 4260 ,ο
556 4167 675 4241 quam
693 4139 821 4214 adesse
842 4135 1058 4230 judicamus
1085 4159 1107 4206 e
1132 4133 1314 4213 fasciculo
1334 4157 1513 4213 vasorum
1529 4135 1655 4232 ipsam
1669 4133 1776 4212 inde
1788 4135 1834 4208 ab
1854 4135 1939 4212 hilo
1958 4147 2178 4237 perreptatt·

557 4281 678 4372 rium,
716 4273 960 4373 perispermii
986 4273 1136 4349 externi
1161 4277 1283 4347 moles
1315 4271 1550 4368 includitur,
1591 4273 1701 4364 cujus
1731 4289 1936 4368 contextus
1968 4255 2176 4354 cellulo'sus

558 4412 776 4514 pellucidus
802 4431 918 4482 ovum
946 4411 999 4482 ita
1026 4411 1172 4507 explet,
1216 4427 1364 4484 utnon
1390 4423 1561 4502 maneat,
1604 4408 1683 4480 nisi
1715 4411 1855 4510 exigua
1886 4403 2181 4506 oblongiuscula

559 4553 699 4628 cavitas
725 4569 794 4642 pro
819 4547 952 4620 futuro
978 4547 1196 4642 embryone.
1259 4548 1348 4620 Non
1373 4561 1504 4622 tamen
1529 4559 1611 4618 tota
1635 4546 1730 4620 haec
1755 4547 1896 4621 cavitas
1927 4541 2180 4642 perispermio

559 4686 791 4766 circumfusa
815 4701 885 4784 est,
910 4683 975 4760 sed
1001 4706 1046 4757 ea
1071 4681 1194 4782 ipsius
1220 4682 1452 4780 extremitas,
1479 4705 1555 4782 qua
1580 4685 1810 4784 embryonis
1824 4681 2004 4769 radicula
2019 4681 2199 4782 posthac,
