4856 5954
586 897 781 994 dilatatur,
805 913 851 972 nt
869 913 991 1010 totam
1004 897 1140 976 nuclei?
1154 897 1297 976 molem
1310 899 1516 992 absorbeat,
1543 901 1704 998 ejusque
1719 902 1851 995 losum
1869 921 2070 1000 oooupetr.
2088 929 2208 990 mam·

584 1038 702 1110 brana
727 1036 810 1128 ejus
836 1038 988 1132 propria
1013 1043 1245 1136 plerumque
1273 1037 1508 1133 oblitterata,
1551 1041 1663 1130 auius
1697 1055 1793 1114 tuno
1829 1038 1929 1118 vices
1962 1041 2115 1135 supplet
2146 1045 2208 1116 vel

586 1173 719 1249 nuclei
741 1173 927 1270 cuticula,
969 1179 1029 1250 vel
1054 1177 1273 1263 membrana
1298 1173 1467 1269 interna,
1501 1178 1581 1263 vel,
1620 1176 1656 1250 si
1678 1155 1847 1270 utroque
1871 1178 2086 1270 evanuerit,
2125 1179 2220 1274 ipsa,

585 1325 694 1386 testa·
747 1311 922 1384 Secundo
947 1315 1063 1388 modo
1086 1315 1271 1388 formatur
1294 1313 1490 1406 albumen,
1524 1335 1614 1387 cum
1639 1313 1765 1410 ipsius
1791 1314 2106 1422 nucleiJcellulas
2130 1337 2208 1393 ma·

585 1448 680 1521 teria
701 1430 905 1548 granulosa
924 1451 1087 1524 subiret
1107 1449 1265 1524 subinde
1279 1449 1439 1546 quidam
1463 1451 1614 1524 videtur
1634 1467 1729 1545 runo
1748 1451 1898 1526 amnios
1911 1451 1979 1528 ,ita
1992 1451 2205 1560 persistere,

586 1604 633 1658 ut
657 1586 701 1660 in
725 1587 874 1668 ¹semine
900 1606 1051 1664 maturo
1077 1588 1274 1687 proprium
1299 1586 1513 1660 constituat
1539 1589 1757 1684 embryonis
1791 1589 2050 1680 involucrum,
2093 1590 2202 1676 cujus

586 1721 688 1817 apici
714 1723 895 1821 radicula,
938 1727 1041 1801 sicut
1066 1725 1110 1800 in
1136 1749 1217 1820 ovo,
1251 1725 1439 1798 adhaereo
1504 1728 1562 1800 lto
1590 1727 1816 1802 saltem'Cl.
1846 1723 2004 1800 vir'sibi
2029 1723 2202 1816 proxime

434 1917 463 1930 ..
584 1859 736 1932 videtur
768 1861 815 1934 sd
848 1863 1050 1958 veritatem
1083 1863 1252 1937 accedere
1285 1863 1331 1936 in
1363 1862 1588 1958 explicanda
1622 1877 1815 1960 struaturu
1844 1861 1919 1936 ovi
1956 1881 1998 1933 ao
2039 1858 2201 1932 seminis

585 1995 915 2092 Nymphaaorum:
952 2003 1018 2076 cui
1043 1999 1288 2100 explicationi
1312 2001 1407 2072 haec
1426 2001 1551 2074 lavere
1572 2017 1695 2099 purat,
1721 1996 1930 2092 tumqbod
1950 1995 2203 2071 ,involucrum

554 2204 559 2210 .
584 2129 690 2206 istud
715 2133 760 2206 in
786 2107 889 2210 statu
904 2139 1076 2213 seminis
1103 2141 1306 2214 immaturo
1334 2102 1412 2208 una
1438 2161 1529 2210 cum
1549 2125 1757 2232 embryona
1776 2130 1975 2212 materiam
1997 2132 2202 2238 pulposam

584 2271 644 2342 vel
670 2269 930 2348 semifluidam
955 2271 1142 2368 includat,
1175 2259 1258 2348 tun
1283 2273 1384 2370 quod
1411 2273 1487 2369 ipsi
1514 2274 1721 2372 contigerit
1746 2269 2061 2363 ior-Nymphaeus
2088 2270 2201 2340 ovulo

585 2406 779 2478 obseruare
811 2409 924 2484 filum
957 2412 1246 2505 tenuissimum,
1284 2411 1385 2506 quod
1418 2435 1439 2482 o
1472 2413 1674 2506 superficie
1709 2409 1915 2496 vesiculae,
1955 2427 2070 2497 quoru
2105 2419 2201 2474 tunc

584 2543 699 2616 refert
725 2543 831 2620 istud
857 2543 1114 2642 involucrum,
1145 2548 1245 2621 intro
1269 2547 1360 2620 axin
1385 2548 1518 2620 nuclei
1545 2571 1675 2621 cavam
1701 2547 1918 2648 decurrens,
1957 2542 2083 2636 ipsam
2110 2541 2202 2612 vesi-

584 2681 712 2752 culam
740 2704 830 2756 oum
856 2689 989 2760 nuclei
1011 2685 1092 2761 basi
1124 2702 1345 2760 connectere
1377 2684 1586 2760 videbatur.
1663 2681 1793 2756 Simili
1826 2681 1991 2758 rationui
2011 2679 2201 2774 explicare
2322 2719 2325 2728 ·

583 2815 774 2892 adnititur
799 2836 1031 2896 structuram
1058 2823 1103 2896 in
1127 2821 1333 2896 seminibus
1350 2821 1638 2916 Pipsracearum
1657 2823 1700 2890 oc
1717 2817 1876 2890 Saururi
1896 2813 2056 2888 obviam.
2111 2813 2199 2882 Ter-

583 2951 683 3025 tium
708 2955 874 3053 denique
893 2961 927 3037 si
947 2962 1025 3055 fiat,
1050 2959 1095 3042 in
1121 2974 1267 3038 maturo
1291 2955 1440 3030 semine
1464 2970 1547 3026 tam
1572 2952 1699 3028 omnii
1717 2973 1833 3048 quam
1851 2950 1984 3026 nuclei
2001 2947 2198 3022 residuum

583 3091 742 3186 reperiri
768 3093 879 3169 debet
905 3115 944 3170 er
968 3099 1042 3172 hoo
1067 3095 1227 3194 quidem
1248 3096 1306 3174 Cl.
1331 3093 1412 3165 viro
1438 3091 1483 3162 in
1505 3089 1750 3176 Scitsmirreis
1776 3091 1910 3162 locum
1937 3085 2074 3178 babere
2101 3082 2199 3154 vide·

584 3243 842 3324 bononorum
860 3255 1003 3330 nempe
1025 3257 1170 3329 semen,
1192 3245 1338 3328 praeter
1360 3228 1554 3322 albumen,
1576 3228 1694 3302 aliam
1715 3242 1862 3322 partem
1884 3220 2064 3312 includit,
2083 3243 2198 3314 quom

587 3365 815 3440 Goennerus
841 3385 880 3443 et
905 3372 975 3468 qui
997 3395 1090 3445 eum
1115 3383 1340 3467 sequuntur,
1371 3363 1500 3440 vitelli
1524 3364 1686 3438 nomina
1712 3361 2017 3464 designaverunt

1325 3641 1366 3792 o
1392 3649 1434 3738 s.

683 3865 909 3940 Novissimis
936 3869 1093 3942 tandem
1118 3866 1350 3966 temporibus
1379 3865 1459 3940 Cel.
1488 3859 1545 3934 vir
1570 3861 1616 3930 A.
1647 3856 1911 3952 Brogniortius
1937 3877 1991 3948 es,
2018 3877 2114 3949 quae
2134 3855 2194 3944 ‚cl

581 3998 717 4072 Brown
742 4005 1023 4101 enunciavsrat,
1053 4003 1373 4080 observationibus
1399 3997 1615 4074 numerosis
1642 4013 1681 4070 et
1706 3995 1882 4070 iconibus
1908 3991 2094 4064 laboriose
2115 4011 2197 4060 exa·

580 4135 674 4208 ratis
704 4141 941 4218 corroborare
967 4143 1123 4218 adnisus
1150 4135 1262 4236 θεῷ)
1284 4139 1363 4248 Ιἱῑα
1389 4153 1521 4212 tamen
1547 4151 1593 4210 ut
1619 4131 1740 4230 magis
1768 4132 1814 4204 de
1832 4130 1916 4250 viis,
1944 4095 2194 4226 quibus'aura

580 4269 817 4350 foecundam
837 4278 883 4352 ad
903 4279 967 4356 ovi
986 4271 1171 4356 interiora
1198 4275 1346 4374 transit,
1378 4299 1496 4373 quam
1524 4271 1571 4346 ds
1594 4269 1764 4366 partium
1787 4265 1850 4339 ovi
1876 4265 2045 4362 ipsorum
2068 4255 2195 4327 evolu-

578 4513 882 4542 m

680 4657 707 4726 ⁸)
732 4659 880 4718 Memoire
898 4677 950 4718 sor
966 4661 998 4718 la
1008 4661 1193 4718 Gemmtion
1210 4669 1242 4716 et
1256 4661 1286 4716 le
1298 4617 1554 4726 Deraloppement
1571 4649 1607 4706 sla
1625 4647 1802 4718 l’Emln-yon
1815 4643 1888 4696 lans
1906 4639 1950 4694 las
1960 4639 2111 4733 vagamur
2123 4631 2194 4704 plra-

729 4775 913 4838 octogamos.
937 4763 993 4822 Par
1009 4763 1051 4821 Μ.
1070 4767 1103 4819 Α.
1123 4761 1276 4835 aregiam.
1300 4750 1566 4834 cbap.lv.v.v1.
1601 4751 1696 4816 (nnn.
1715 4744 1909 4802 a0180.nat.
1927 4727 2192 4848 balbam)
