4856 5954
1006 1601 1043 1717 s·
1079 1611 1119 1692 1<

242 1783 390 1891 Ovum
410 1821 631 1918 vegetabile,
665 1825 788 1894 iuturi
809 1816 969 1892 seminis
990 1819 1268 1929 rudimentum,
1302 1845 1322 1890 e
1350 1769 1525 1912 pluribus
1550 1817 1758 1888 involueris
1777 1839 1862 1888 cou-

241 1957 408 2030 centrice
432 1957 625 2054 dispositis
646 1929 840 2052 campani,
867 1957 968 2052 apud
986 1979 1119 2028 omnes
1142 1972 1299 2046 constat,
1328 1955 1373 2024 de
1378 1976 1549 2062 numeru
1571 1971 1713 2038 tamen,
1741 1955 1863 2045 deque

238 2091 519 2166 mutationibus
541 2117 685 2184 eorum,
720 2117 790 2166 nec
820 2117 899 2166 non
928 2094 974 2166 de
991 2093 1216 2166 nominibus
1238 2115 1317 2164 non
1342 2092 1396 2164 ita
1417 2085 1557 2164 facilis
1563 2107 1620 2160 est
1640 2110 1859 2160 cousensus.

195 2211 198 2223 ¹
238 2227 480 2319 Malpigbius
506 2232 624 2320 enim,
657 2233 880 2324 plantarum
900 2221 1116 2302 anatomiae
1143 2253 1231 2301 cum
1259 2228 1404 2312 Gremio
1424 2230 1548 2326 Angla
1568 2227 1758 2314 fundator,
1788 2225 1860 2294 trie
1972 2225 1979 2232 '

237 2380 417 2435 numerat
438 2365 500 2436 ori
523 2367 775 2458 involucrm*)
803 2381 911 2458 quae,
939 2365 984 2436 ab
1000 2368 1165 2438 externis
1180 2367 1224 2436 ad
1239 2365 1392 2434 iuterna
1412 2363 1699 2462 progrediendo,
1726 2376 1877 2432 secun-¹

207 2499 428 2590 dinatum,
463 2500 587 2572 chorii
612 2518 651 2572 et
674 2502 797 2582 amuii
825 2500 1064 2592 nominibus,
1105 2503 1149 2574 ad
1177 2499 1477 2586 similitudinem
1504 2501 1748 2570 oeconomiae
1779 2500 1859 2569 eni·
1901 2535 1905 2550 ι

236 2637 360 2724 malis,
377 2637 565 2734 designat.
621 2639 982 2716 Grauiuseundem
996 2661 1205 2713 numerum
1223 2635 1405 2724 admittit,
1434 2638 1645 2726 itatamen,
1674 2637 1859 2706 utanalo-
1920 2627 1922 2632 ’

235 2773 339 2864 giam
360 2745 795 2870 alteriusaegniminus
815 2797 964 2864 curans,
988 2773 1081 2846 'istas
1105 2774 1341 2846 membranas
1359 2772 1401 2841 in
1424 2773 1662 2862 exteriorem,
1691 2769 1856 2841 mediam
1888 2803 1893 2809 ·

223 2923 275 2984 ¹et
306 2907 492 2978 intimam
530 2910 764 3006 distinguat,
783 2907 845 2994 **)
901 2931 1081 3001 quarum,
1122 2909 1155 2980 si
1176 2911 1312 3003 figures
1346 2909 1543 2996 ejus'cum
1577 2908 1856 3000 Malpiglu'anis

235 3041 417 3130 conferas,
451 3041 672 3116 membrana
699 3044 864 3116 exterior
890 3069 981 3116 cum
1002 3042 1232 3130 recunditur,
1267 3043 1391 3114 media
1424 3067 1514 3114 curn
1543 3043 1687 3132 chorio,
1715 3045 1855 3114 intima

234 3181 322 3246 cum
343 3175 475 3248 amnia
502 3185 548 3265 (s.
567 3182 718 3251 sacculo
731 3180 1041 3272 colliquarnenti)
1061 3179 1270 3271 Malpighii
1289 3199 1441 3292 prorsus
1463 3179 1654 3250 convenit.
1707 3181 1788 3248 Nos
1812 3180 1854 3248 in

232 3315 437 3406 opuscula,
479 3313 584 3406 quod
612 3331 701 3386 aute
728 3317 798 3390 hos
822 3317 1006 3390 tredecim
1032 3338 1151 3388 annos
1179 3313 1562 3410 evulgavimus,***)
1609 3315 1752 3407 pariter
1777 3330 1851 3384 tres

117 3447 126 3458 “
190 3441 192 3448 ’
232 3446 517 3520 numeravimus
550 3446 612 3522 ovi
644 3451 876 3549 vegetabilis
899 3453 1067 3542 tunicas,
1107 3473 1245 3545 nempe
1280 3451 1510 3524 exteriorem
1542 3467 1582 3522 et
1612 3449 1848 3540 interiorem,

231 3605 328 3674 quae
352 3583 691 3658 foecundation'em
722 3589 955 3660 antecedunt
982 3606 1021 3658 et
1047 3587 1352 3682 perispermium,
1388 3586 1489 3680 quod
1519 3589 1747 3680 plerumque
1773 3583 1852 3660 uon

230 3716 309 3788 nisi
335 3719 454 3790 serius
481 3737 646 3816 apparet,
674 3719 895 3796 membrana
918 3723 1095 3796 interiori
1117 3723 1324 3814 inclusum,
1352 3724 1598 3816 embryonem
1623 3745 1707 3794 vero
1730 3723 1851 3793 inclu-

230 3854 340 3944 dens,
373 3853 570 3950 idemque,
597 3857 638 3928 si
664 3880 733 3929 ovo
761 3859 1034 3954 grandescente
1060 3860 1180 3932 simul
1205 3861 1249 3931 iu
1276 3863 1423 3932 ambitu
1452 3882 1493 3930 ec
1521 3859 1691 3932 crassitie
1718 3881 1850 3955 augea·
1961 3843 1965 3850 ¹

227 4005 304 4082 tur,
329 3989 374 4061 in
395 3992 538 4064 maturi
563 3993 723 4066 seminis
743 3994 925 4068 albumen
946 3973 1085 4070 abiens'.
1151 3997 1379 4072 Monuimus
1407 4013 1549 4088 tamen,
1578 3995 1758 4066 nonsibi
1785 4017 1848 4066 na·
1937 4051 1941 4058 .

234 4223 537 4248 *ιι-

294 4393 298 4400 “
329 4387 354 4450 ⁸)
381 4388 457 4458 Opp.
477 4405 557 4446 omn
577 4389 1021 4466 ¹1⁸.1.Lnga.mt.rae7.⁷1
1046 4405 1075 4451 et
1095 4413 1176 4466 sequ.

315 4489 352 4550 ⁸⁸)
380 4489 470 4542 Anat.
490 4491 524 4544 af
539 4492 651 4546 Planta.
689 4494 782 4548 Loud
803 4501 876 4554 1682
899 4501 958 4554 210
1049 4518 1052 4528 ·

300 4589 341 4620 ⁸⁸⁸
314 4592 354 4652 ⁸⁸)
382 4589 446 4640 vau
465 4589 517 4643 der
534 4593 763 4666 Entwrekelung
787 4597 836 4654 des
854 4598 982 4670 Emere
1004 4600 1064 4654 und
1089 4599 1188 4652 rainer
1207 4596 1431 4668 Urubilllungen
1454 4597 1495 4649 im
1514 4587 1727 4670 Pssarneany.
1766 4603 1844 4658 Berl.
1939 4649 1943 4656 .

380 4675 454 4730 1815.

516 4743 520 4751 .
1445 4761 1465 4830 1
1493 4753 1515 4804 *ι
