4856 5954
1218 551 1524 650 *¹12-

566 819 712 908 valent,
749 830 848 906 quae
880 820 1013 880 contra
1044 805 1290 905 perispermii
1321 808 1569 906 vocabulum,
1606 825 1653 886 ut
1684 811 1895 892 alhuminis
1925 779 2194 919 appellatione
2278 887 2286 899 ,

564 951 726 1030 eandem
751 962 900 1044 partem
926 941 1152 1042 designaret,
1184 945 1408 1042 nuperrime
1428 949 1594 1044 protulit
1618 949 1681 1022 Ill.
1708 953 2003 1045 Candoilius.*>
2064 959 2195 1038 Plane,

563 1105 694 1169 cutam
721 1083 869 1182 optimo
895 1081 1069 1155 Brownio
1094 1081 1333 1156 adsentimus
1357 1081 1653 1194 inexplicando
1674 1084 1800 1180 modo,
1830 1111 1906 1182 quo
1928 1093 2184 1194 Nymphseae,

563 1251 637 1304 nec
663 1249 744 1318 non
762 1219 1082 1296 Scitaminearum
1103 1217 1358 1314 plurimarum
1375 1243 1507 1294 senten
1529 1245 1576 1296 ex
1597 1219 1712 1294 osuio
1732 1244 1948 1322 generatur.
2001 1231 2048 1306 In
2068 1233 2185 1331 Nym·

563 1367 686 1464 pbaea
707 1359 814 1433 enim
832 1359 936 1430 lutea
955 1371 995 1428 et
1013 1357 1109 1448 alba,
1143 1357 1206 1427 vix
1225 1371 1375 1452 persora
1401 1357 1710 1452 foecundatione,
1740 1363 2048 1462 perispermium,
2080 1371 2184 1464 qnod

562 1517 685 1576 totam
709 1497 789 1570 lere
814 1497 944 1594 explet
968 1491 1212 1564 membranae
1236 1492 1410 1566 internae
1435 1481 1648 1590 caritatem,
1679 1517 1743 1570 vas
1769 1499 1959 1596 continet,
1986 1503 2088 1598 quod
2114 1529 2184 1602 per

564 1637 738 1712 medium
769 1635 852 1723 ejus
887 1631 1109 1723 decurrens,
1146 1629 1253 1722 apice
1281 1643 1412 1704 autem
1436 1629 1481 1704 in
1507 1630 1702 1706 bullulam
1723 1632 1963 1730 sphaericam
1989 1639 2182 1735 inflatum,

562 1789 759 1869 aspectum
781 1769 935 1866 praebet
952 1780 1083 1868 exacte
1101 1763 1270 1836 similem
1299 1765 1347 1856 ei,
1381 1767 1536 1860 qualem
1562 1767 1685 1842 amnii
1709 1771 1835 1866 primo
1860 1773 1975 1847 initia
2001 1773 2096 1850 alins
2121 1799 2183 1850 ex·

563 1911 695 1983 hibere
711 1909 849 1980 solent.
902 1903 991 1974 Non
1015 1916 1147 1972 tamen
1165 1899 1353 1974 vesiculae
1372 1901 1491 1994 hujus
1511 1905 1633 1978 moles
1654 1903 1827 1981 multum
1849 1894 2023 2008 au‘getur,
2049 1913 2183 2009 itaque

564 2042 807 2142 perispermii
832 2037 1027 2112 interioris
1052 2035 1222 2108 evolutio
1246 2059 1382 2134 parum
1402 2039 1593 2134 procedit,
1630 2041 1723 2116 dum
1750 2067 1777 2116 s·
1798 2046 1987 2120 contrario
2013 2049 2181 2122 exterius
2293 2134 2298 2143 Ι

562 2201 720 2254 omnem
745 2175 947 2249 materiam
970 2173 1210 2246 nutrientem
1227 2171 1420 2246 absorbeat
1438 2187 1477 2246 et
1494 2173 1588 2246 inde
1608 2179 1730 2276 magis
1751 2179 1951 2280 magisque
1968 2180 2178 2258 solidasset.

336 2307 341 2314 ’
417 2421 422 2428 Ι
471 2337 477 2342 ·
563 2317 683 2392 Paulo
710 2315 822 2386 alitor
847 2335 906 2386 res
932 2333 974 2384 se
996 2308 1135 2380 habere
1162 2307 1311 2382 ridetur
1336 2307 1379 2382 in
1406 2309 1487 2384 illis
1511 2309 1768 2407 Scitamineis,
1808 2338 1908 2411 quae
1931 2317 2178 2414 Roxburgbio

562 2433 763 2542 monente,
801 2450 961 2520 anthera
983 2443 1132 2544 duplici
1157 2445 1341 2542 gaudent:
1388 2445 1514 2519 vitelli
1539 2445 1646 2520 enirn
1674 2445 1718 2520 in
1739 2447 1801 2522 his
1826 2467 1979 2547 natura,
2017 2453 2116 2528 situs
2140 2470 2180 2528 et

561 2589 685 2663 forma
702 2585 893 2676 eiusmodi
909 2591 1013 2676 sun't,
1038 2597 1085 2654 ut
1105 2579 1310 2654 admodum
1329 2581 1382 2654 sit
1404 2580 1633 2676 verosimile,
1666 2583 1767 2660 illud
1794 2587 1838 2659 in
1864 2611 1935 2660 ovo
1961 2589 2032 2662 sub
2055 2593 2179 2666 amnii

562 2725 624 2799 rel
643 2705 887 2822 perispermii
901 2717 1096 2792 interioris
1116 2717 1236 2789 lorma
1255 2713 1458 2808 exstitisse,
1483 2716 1586 2792 sicut
1604 2719 1787 2794 albumen
1802 2725 2009 2830 Qacrtnero
2027 2723 2178 2802 dictum

562 2881 748 2938 corneum
773 2857 843 2929 sub
868 2853 992 2928 iorm'a
1016 2851 1257 2951 perispermii
1282 2853 1490 2926 exterioris.

1309 3133 1345 3254 s.
1384 3143 1426 3230 a.

677 3345 748 3420 His
780 3342 834 3414 ita
869 3339 1053 3436 expositis
1077 3337 1193 3413 liceat
1218 3339 1505 3437 generationem
1525 3341 1686 3418 seminis
1705 3367 1751 3418 err
1779 3367 1850 3418 oro
1877 3342 1920 3418 in
1945 3341 2177 3442 quibusdam

562 3483 706 3585 plantis
739 3477 954 3552 secundum
987 3475 1217 3548 recentiores
1249 3477 1532 3552 observationes
1562 3496 1708 3554 nostras
1743 3503 1932 3578 exponere
1965 3493 2006 3554 et
2036 3480 2176 3556 harum

561 3621 717 3720 quidem
736 3639 877 3715 agmen
896 3612 1191 3686 docatliicr'nus
1215 3615 1414 3686 commum
1439 3615 1483 3686 t.
1512 3617 1623 3708 cujus
1648 3639 1765 3688 ovum
1789 3617 1836 3688 ah
1862 3613 2177 3714 magnitudinem

562 3753 778 3834 accuratius
799 3771 958 3824 maman
985 3747 1169 3822 admittit
1229 3751 1307 3822 Hoc
1334 3751 1468 3846 itaque
1489 3751 1524 3824 si
1549 3749 1722 3826 sections
1746 3749 2054 3848 perpendiculari
2080 3765 2176 3826 tunc

562 3895 784 3972 lustremus,
812 3909 901 3958 cum
922 3885 1110 3979 stylorum
1126 3887 1395 3960 marcescentia
1408 3873 1747 3990 fructificationem
1766 3887 1829 3958 vix
1844 3901 2033 3990 peractam
2055 3885 2176 3986 signi·

561 4029 662 4116 ficut,
700 4023 920 4096 membrana
944 4037 1025 4094 tam
1050 4021 1226 4114 exterior,
1253 4043 1369 4116 quam
1396 4023 1560 4117 interior
1582 4021 1876 4133 perispermium
1904 4021 2070 4098 exterius
2096 4047 2174 4098 ants

560 4161 636 4262 bit,
675 4161 786 4252 cujus
811 4181 944 4232 cavum
972 4157 1116 4230 lineare
1142 4159 1298 4230 nullum
1325 4157 1406 4232 sire
1432 4155 1673 4256 perispermil
1698 4157 1779 4230 sive
1813 4157 2030 4254 embryonis
2061 4157 2171 4232 vesti·

562 4299 674 4402 gium
699 4295 866 4370 exhibet.
922 4293 1039 4368 Adest
1062 4309 1193 4368 autem
1220 4293 1262 4366 in
1290 4293 1532 4367 membranae
1556 4307 1735 4367 externas
1758 4293 1876 4368 latere
1902 4289 2079 4366 interiori
2102 4291 2174 4368 sub

662 4659 691 4726 ·t
717 4657 882 4728 Orsum·
901 4649 1036 4726 mat·
1053 4647 1093 4708 ¹¹·
1110 4649 1155 4710 ⁸²·
