4856 5954
891 622 1072 698 -ld
1147 651 1215 700 -.

235 877 562 980 wepsnuss„
575 887 645 964 per
662 885 780 962 quarp
800 857 1000 938 iunicuiur
1018 873 1195 978 rarorum
1215 849 1476 956 nutrientium
1497 849 1708 950 immissus,
1728 856 1856 938 simui

234 996 714 1096 membranamiuternom
734 999 912 1097 perforat,
936 995 1061 1092 inque
1077 994 1161 1086 eiua
1184 989 1396 1090 superficie,
1429 1012 1502 1086 qua
1518 991 1770 1088 perispermio
1792 1020 1856 1096 ap·

235 1139 382 1253 plicata
399 1163 469 1240 est,
494 1143 640 1220 multos
659 1157 786 1210 ramos
806 1135 979 1232 undique
997 1129 1156 1230 spargit.
1213 1128 1329 1202 Hisce
1355 1125 1472 1220 rumis
1499 1149 1542 1202 ac
1567 1131 1726 1205 ramulis
1752 1136 1856 1210 ultra

237 1287 412 1364 medium
437 1279 605 1357 ambitus
623 1271 868 1372 perisperrnii
887 1297 968 1346 uon
989 1286 1120 1347 taruen
1140 1266 1187 1340 ad
1207 1267 1290 1356 ejus
1312 1264 1422 1336 basin
1443 1285 1577 1359 usque,
1609 1289 1706 1362 quae
1731 1289 1856 1346 cetera

235 1438 345 1524 parta
357 1420 485 1494 multo
498 1413 654 1490 tenuior
667 1427 739 1504 est,
758 1383 972 1500 descendit,
991 1405 1123 1502 ibique
1138 1405 1182 1476 in
1198 1399 1446 1508 tenuissimos
1457 1402 1631 1510 'surculos
1642 1407 1856 1526 resolvitur.

238 1567 290 1644 At
315 1555 361 1631 in
387 1556 472 1652 ipro
496 1547 747 1648 perispermio
770 1546 881 1618 nulla
906 1541 999 1616 licet
1016 1566 1101 1618 rasa
1120 1537 1348 1636 conspicere,
1374 1561 1450 1633 quo
1466 1555 1614 1635 praeter
1631 1553 1857 1618 contextum

238 1695 470 1772 cellulocunr
501 1683 693 1760 tenuioris
725 1697 842 1756 notae
873 1677 914 1753 e't
944 1680 1067 1777 magis
1099 1677 1338 1776 pellucidum
1375 1699 1397 1748 a
1429 1677 1649 1750 membrana
1678 1679 1856 1754 interiori

240 1831 382 1906 differt.
429 1827 602 1900 Examen
627 1819 663 1892 ai
687 1819 816 1892 denuo
841 1817 1073 1890 instituatur
1091 1837 1182 1886 cum
1200 1813 1347 1896 fructus
1367 1813 1522 1886 solitam
1544 1809 1857 1914 magnitudinem
1974 1855 1977 1864 ·

237 1971 320 2050 tene
343 1961 506 2062 adeptus
527 1975 606 2052 est,
645 1967 744 2030 te'sta
770 1945 1056 2048 autem,3licet
1080 1951 1232 2047 jamjam
1259 1969 1392 2048 opaca,
1433 1965 1472 2024 et
1498 1933 1739 2028 indurescere
1762 1955 1873 2066 inci?

122 2173 135 2196 ,
241 2101 369 2200 pierre,
396 2103 566 2176 colorem
592 2111 726 2168 tamen
749 2089 881 2162 album
908 2101 1043 2180 serrat,
1068 2083 1263 2181 sequentia
1288 2083 1333 2160 in
1359 2109 1440 2188 oro,
1467 2091 1578 2180 cujus
1604 2113 1709 2166 nunc
1736 2093 1857 2166 moles

239 2237 449 2336 insiguiter
472 2247 584 2338 aucta
610 2245 685 2320 est,
725 2227 984 2300 observantur.
1049 2225 1244 2324 involucro
1269 2239 1364 2322 sunt
1384 2224 1520 2313 eadem
1552 2242 1753 2323 utantea,
1791 2229 1858 2302 sed

239 2393 378 2448 carum
403 2371 479 2464 ori,
505 2391 611 2442 nunc
637 2365 829 2458 utrinque
845 2374 1122 2460 exporrectum,
1147 2361 1310 2434 formam
1325 2385 1434 2432 suern
1464 2363 1651 2436 linearem
1672 2363 1715 2434 in
1731 2380 1856 2437 ovato·

239 2511 467 2586 saburrum
486 2503 663 2594 mutavit,
697 2501 818 2595 inque
843 2501 919 2571 boc
946 2521 1037 2570 cavo
1061 2497 1351 2596 perispermiunr
1377 2493 1547 2570 interius
1562 2521 1592 2572 s.
1613 2501 1775 2574 amnion
1802 2501 1857 2576 ita

240 2631 385 2736 haeret,
416 2658 462 2714 ut
487 2619 610 2738 ipsius
643 2637 855 2734 parietibus
881 2633 1055 2732 undique
1079 2631 1133 2706 sit
1157 2633 1401 2736 applicatum.
1458 2613 1516 2736 ln*
1533 2629 1696 2724 huiusce
1721 2639 1857 2734 amuli,

241 2785 396 2877 liquore
417 2775 612 2867 scatentis,
637 2772 720 2846 basi
744 2772 888 2864 latiori,
911 2793 989 2866 qun
1014 2769 1099 2860 eiua
1123 2767 1327 2870 substantie
1355 2769 1582 2857 tenuissima
1608 2787 1677 2863 est,
1703 2777 1859 2874 ernbryo

242 2913 480 3010 conspicitur
505 2909 575 2984 sub
599 2908 724 2980 forma
750 2906 970 3003 corpusculi
996 2903 1117 2982 albidi
1142 2904 1328 2978 obcordatl
1347 2899 1450 2978 'cum
1482 2905 1572 2999 sinu
1599 2907 1718 3004 apicis
1749 2911 1858 2984 obtu-

241 3051 405 3128 tissimo.
457 3043 697 3118 Mutationea
724 3041 789 3116 ori
810 3039 1016 3114 ulteriores
1036 3051 1167 3122 autem
1181 3041 1224 3116 eti
1239 3039 1479 3144 maturitatis
1501 3044 1715 3118 terminum
1735 3069 1858 3143 usque

241 3190 317 3266 hue
341 3195 445 3260 cunt·
497 3181 665 3276 Embryo
690 3179 784 3252 durn
811 3193 892 3252 tam
915 3199 1082 3270 sursum,
1108 3201 1226 3276 quum
1248 3175 1424 3282 deorsum
1442 3177 1588 3272 crescit,
1614 3180 1724 3254 sinus
1750 3186 1859 3258 obtu-

243 3347 308 3398 tus
334 3323 379 3400 iu
404 3319 489 3410 eiua
512 3316 623 3413 apice
647 3337 668 3388 a
694 3313 967 3411 cotyledonurn
993 3315 1217 3400 rudimentis
1242 3315 1428 3415 iormatus
1455 3315 1602 3388 sensim
1622 3317 1666 3390 in
1686 3285 1859 3396 acutisst‘

244 3481 354 3540 muru
386 3453 545 3548 transit,
583 3453 649 3533 cui
682 3450 842 3544 demum
874 3451 1047 3524 absoluta
1078 3451 1345 3548 cotyledonum
1367 3451 1623 3548 compositio,
1661 3455 1787 3550 qualis
1814 3460 1859 3532 in
1895 3481 1901 3488 ·

244 3591 394 3670 nemine
420 3605 571 3674 maturo
596 3589 730 3662 locum'
750 3587 877 3679 babet,
903 3586 1088 3662 succedit.
1135 3585 1427 3684 Peispermium
1449 3587 1624 3678 interius,
1652 3591 1765 3682 cujus
1784 3595 1860 3668 cel·
1911 3581 1918 3588 ’

244 3729 351 3804 l'ulae
375 3723 558 3800 inseriae
585 3748 607 3798 a
632 3721 836 3820 superficie
861 3741 989 3796 rersua
1016 3747 1151 3799 carum
1178 3721 1340 3818 centrale
1368 3723 1573 3818 dispositae
1598 3742 1702 3819 sunt,
1735 3733 1858 3830 magis

245 3863 447 3966 magisque
470 3861 666 3936 crassescit
687 3883 733 3934 ac
757 3859 972 3952 solidescit,
1011 3845 1166 3936 materia
1191 3863 1395 3961 granulosa
1419 3861 1592 3956 primum
1619 3861 1662 3934 in
1686 3867 1860 3942 substan-

245 4001 343 4078 tiam
368 3995 586 4095 superficiei
607 3995 822 4093 proximam
849 3995 1034 4092 deposita,
1071 3996 1411 4098 quodsignilicore
1439 3997 1599 4092 videtur,
1638 4023 1858 4106 processum

247 4131 513 4216 iufiltrationia
536 4133 582 4206 ab
609 4133 861 4208 exterioribus
886 4155 1016 4204 rectus
1041 4129 1220 4208 interiora
1244 4133 1429 4233 progredi,
1482 4131 1781 4230 Perisperrnium
1800 4165 1861 4230 erc·

247 4270 371 4348 terius
393 4267 549 4360 intereo,
581 4267 704 4342 succis
732 4269 775 4340 in
800 4271 965 4342 alterurn
990 4247 1164 4348 interius
1174 4267 1473 4366 transeuntibus,
1508 4271 1682 4344 celeriter
1707 4277 1861 4350 collabi·

248 4421 325 4493 tur,
366 4403 421 4478 ita
446 4419 492 4476 ut
516 4403 723 4500 embryone
748 4405 811 4478 rix
836 4371 1056 4478 dimidium
1071 4407 1241 4478 caritatis
1272 4407 1336 4478 ori
1361 4422 1572 4500 occupante
1597 4407 1674 4496 jam
1702 4413 1860 4488 nullum

249 4541 527 4638 eiur'rupasit
549 4537 768 4640 vestigium·
833 4541 1057 4614 Membrana
1082 4541 1232 4614 interna
1260 4565 1341 4614 non
1366 4539 1444 4614 nisi
1471 4531 1545 4613 'sub
1572 4543 1714 4616 ultimo
1741 4547 1862 4624 incre·

249 4677 376 4760 menti
408 4691 581 4774 ternpore
612 4701 634 4752 a
668 4677 798 4780 rueris
818 4677 948 4752 inanis
978 4677 1079 4754 tarta
1111 4677 1155 4754 iu
1186 4691 1345 4754 tenuem
1377 4678 1589 4754 cuticulam
1621 4696 1861 4776 extenuatur,
