4856 5954
1239 603 1329 676 ..’”
1360 623 1421 698 -10
1497 659 1548 680 .-

507 841 515 852 ’
586 855 746 932 seminis
773 853 918 930 maturi
941 851 1117 926 tunicam
1144 851 1361 952 designare,¹
1380 879 1478 952 quae
1503 883 1590 934 vasa
1616 861 1780 938 nutritia
1805 887 1827 938 e
1851 867 2031 944 funiculo
2051 873 2209 951 umbili-

585 996 661 1070 cali
687 993 850 1090 excipit:
887 991 942 1064 ita
968 991 1137 1088 quidem,
1164 1007 1211 1064 ut
1234 993 1309 1066 ista
1333 1018 1414 1066 non
1439 996 1566 1069 solum
1585 998 1710 1094 ipsius
1730 1004 1947 1098 superficiei
1967 1006 2209 1108 adglutinata

584 1133 677 1226 sint,
716 1129 820 1225 quod
846 1126 964 1217 etiam
991 1127 1037 1200 de
1064 1130 1285 1214 membrana
1311 1147 1465 1204 externa
1491 1135 1603 1228 valet,
1644 1131 1710 1207 sed
1735 1159 1864 1211 revera
1889 1141 1967 1236 ipsi
1993 1139 2209 1222 immittan-

583 1285 649 1342 tur
675 1281 715 1338 et
740 1267 906 1336 ramulos
932 1287 1021 1338 suos
1049 1266 1093 1340 in
1119 1267 1203 1362 ipsa
1228 1277 1418 1366 spargant,
1447 1269 1506 1340 uti
1527 1270 1571 1342 in
1592 1270 1744 1366 Ricino,
1770 1275 1965 1370 Phaseolo,
1995 1279 2209 1359 Cucumera

582 1405 749 1498 aliisque
773 1424 926 1473 cernere
956 1401 1059 1473 licet
1137 1401 1380 1474 Monendum
1406 1420 1538 1476 tamen
1572 1421 1648 1500 est,
1688 1431 1756 1480 nos
1790 1412 1906 1508 longe
1932 1413 2059 1488 abesse
2091 1421 2137 1522 ab
2164 1445 2208 1494 ea

581 1540 786 1632 sententia,
811 1561 927 1632 quam
948 1537 1057 1609 nobis
1075 1536 1214 1609 tribuit
1234 1541 1290 1612 Cl.
1310 1541 1528 1632 Brogniart,
1554 1566 1623 1638 per
1643 1508 1795 1630 haecce
1799 1570 1885 1619 vasa
1905 1551 2069 1626 nutritia
2088 1555 2208 1630 etiarn

580 1676 743 1784 pollinis
776 1675 990 1758 essentiam'
1013 1674 1274 1794 prolificam'
1261 1699 1304 1746 ιιι
1339 1700 1455 1748 οιιιιιι
1487 1693 1704 1775 penetrare,
1744 1657 1846 1775 quod
1877 1686 2103 1786 ‘negotium
2105 1693 2205 1768 telae

583 1814 789 1888 cellulosae
814 1812 1040 1885 incumbere
1066 1787 1402 1886 verosimillimum
1428 1813 1538 1886 nobis
1565 1813 1724 1890 videtur.

1328 2010 1368 2234 ιζ
1391 2127 1446 2212 a.
1482 2165 1493 2198 ,-

684 2354 740 2424 Ex
767 2353 885 2423 altera
909 2339 1017 2446 parte
1043 2366 1174 2424 tamen
1200 2346 1376 2424 lubente'i
1400 2353 1586 2442 fatemur,
1627 2337 1695 2428 no's
1723 2347 1863 2432 errasse
1888 2353 1990 2434 dum
2008 2340 2062 2458 err·
2080 2365 2203 2438 obser·

580 2489 677 2560 vatis
710 2489 849 2560 nostris
884 2487 1218 2581 concluderemus,
1257 2511 1338 2560 esse
1372 2485 1594 2562 constanter
1627 2467 1746 2564 unam
1783 2497 2019 2592 eandemque
2052 2516 2201 2598 partem

580 2625 653 2718 ovi,
680 2649 777 2718 quae
799 2625 844 2696 in
869 2622 1030 2695 seminis
1056 2623 1200 2696 maturi
1220 2625 1565 2744 perispermiums.
1590 2627 1774 2733 albumen
1794 2631 1917 2706 abeat:
1960 2659 2049 2706 cum
2068 2637 2201 2730 potius

577 2761 623 2832 in
655 2760 858 2856 permultis
886 2761 1109 2856 plantarum
1141 2758 1221 2832 ovis
1258 2753 1327 2850 (nt
1361 2762 1468 2832 enim
1502 2763 1548 2833 de
1572 2721 1760 2834 omnibns
1794 2767 1999 2860 loquamur
2029 2775 2202 2847 multum

577 2899 701 2984 abest)
743 2898 987 2968 membranae
1018 2897 1213 2968 interioris
1245 2897 1461 2990 superficiei
1502 2873 1681 2968 internae
1713 2897 1909 2976 videamus
1946 2907 2210 2986 substantiam

576 3036 802 3108 sellulosam
837 3031 1032 3127 quandam
1062 3031 1217 3124 majoris
1250 3033 1459 3126 minorisve
1491 3033 1606 3103 molis
1633 3035 1877 3128 applicatam.
1942 3038 2056 3116 Nunc
2089 3046 2198 3118 enim

575 3172 659 3266 ipsa
685 3185 848 3244 stratum
874 3169 1000 3243 eliicit
1025 3169 1129 3240 haud
1161 3169 1216 3238 ita
1240 3192 1419 3260 crassum,
1461 3192 1567 3238 nuno
1602 3185 1733 3240 autem
1760 3186 1888 3244 totum
1913 3175 1992 3248 iere
2026 3179 2198 3272 spatium

503 3343 505 3350 ·
574 3307 797 3379 membrana
824 3305 977 3378 interna
1002 3305 1200 3412 inclusum
1226 3301 1278 3374 ita
1309 3305 1450 3398 replet,
1492 3321 1538 3376 ut
1561 3327 1674 3412 parva
1701 3311 1873 3404 supersit
1895 3311 2037 3382 cavitas
2062 3335 2198 3388 secun·

573 3415 668 3514 dum
705 3443 796 3514 axin
828 3457 1004 3534 extensa,
1049 3466 1145 3536 quae
1178 3441 1307 3512 amulo
1343 3442 1405 3512 vel
1438 3441 1638 3535 embryoni
1670 3467 1739 3537 pro
1771 3443 1989 3516 habitaculo
2022 3442 2194 3526 inservii.

573 3581 691 3650 Nulla
716 3601 890 3673 unquam
918 3579 1128 3686 decurrunt
1154 3602 1239 3649 vasa
1261 3601 1330 3672 per
1354 3577 1455 3648 hanc
1483 3577 1711 3649 cellularum
1740 3577 1971 3680 congeriem,
2005 3599 2044 3654 at
2070 3594 2193 3689 muta-

572 3715 745 3786 tionibus
770 3716 853 3804 ejus
880 3711 949 3808 qui
976 3699 1153 3804 attendit,
1180 3715 1251 3786 sibi
1278 3713 1392 3785 facsse
1417 3711 1712 3808 persuadebit,
1698 3735 1821 3809 ipsam
1848 3711 1952 3786 inter
1972 3732 2011 3790 et
2029 3718 2192 3793 albumi-

549 3846 634 3924 'nis
668 3852 713 3922 in
746 3850 897 3922 semine
922 3865 1203 3923 maturescente
1234 3849 1505 3922 formationem
1537 3847 1772 3920 intercedere
1805 3871 1951 3924 nexum
1983 3853 2190 3952 insignem.

571 3989 619 4060 lu
646 3985 868 4099 Euphopbia
890 3985 1019 4080 enim,
1057 4011 1128 4058 nec
1161 4009 1244 4061 non
1272 3987 1317 4056 in
1343 3985 1490 4078 Pruno‚
1527 3983 1711 4078 Daphne,
1751 3985 1991 4062 Momordisa
2015 3991 2190 4087 aliisque,

571 4123 864 4220 quamprimum
889 4121 1039 4196 amnios
1065 4122 1257 4220 comparet
1282 4143 1370 4194 cum
1399 4121 1615 4216 embryonis
1641 4112 1791 4221 inipso
1811 4121 1972 4196 inclusis
1994 4128 2191 4200 rudimen·

568 4261 633 4354 tis,
659 4259 793 4334 statim
820 4274 1022 4334 con-textus
1048 4261 1118 4334 ille
1144 4257 1333 4332 cellularis
1360 4280 1495 4331 succos
1518 4279 1606 4328 suos
1633 4235 1859 4354 amittitlac,
1886 4281 1962 4356 qno
1984 4262 2109 4351 majus
2130 4277 2189 4338 eet

569 4397 694 4473 amnii
719 4398 1020 4493 incrementum,
1044 4419 1089 4471 eo
1115 4395 1240 4494 magis
1265 4409 1505 4488 extenuatur,
1530 4391 1586 4465 ita
1607 4407 1651 4466 ut
1670 4393 1789 4494 longo
1807 4409 1898 4468 ante
1921 4372 2188 4472 maturitatem

487 4557 490 4564 ⁴
566 4547 741 4630 tempore
765 4533 810 4608 in
835 4531 1107 4607 tenuissimam
1139 4525 1328 4605 laminam
1359 4529 1479 4622 abeat,
1519 4530 1581 4600 vel
1607 4530 1724 4604 etlam
1750 4531 1866 4627 plane
1891 4533 2115 4630 conspectui
2145 4555 2187 4608 se

565 4669 769 4770 subducat,
803 4669 936 4742 amnia
962 4668 1112 4742 interea
1134 4665 1370 4743 maturitatis
1402 4663 1772 4742 neminemnam
1797 4665 1859 4742 ael
1890 4665 2037 4744 iterum
2062 4667 2185 4744 decre·
