4808 5948
1227 645 1294 700 ..r
1354 615 1419 714 ιι*
1483 679 1534 700 -
1658 605 1661 612 ’

574 881 738 988 exterior
753 885 893 986 autem
909 863 1032 950 mole
1046 898 1115 950 sua
1141 839 1390 996 nequa'q'uarlr
1407 875 1629 1002 immlbuta,
1670 881 1736 958 's'erl
1761 887 1903 984 potius
1919 894 2052 986 aucta,
2075 882 2193 969 inrio-

572 1023 651 1092 lem
679 1033 911 1090 crustaceam
932 1031 972 1086 et
991 1015 1157 1085 colorem
1175 1015 1305 1088 fusco·
1290 1009 1550 1114 s'rerr‘eg'atum
1572 1017 1704 1092 induit'
1722 1026 1760 1096 et
1781 1039 1877 1098 tunc
1894 1027 2050 1100 tandem
2071 1043 2191 1103 testae

574 1157 735 1228 nornine
762 1175 847 1226 vere
873 1152 1032 1224 salutari
1052 1162 1230 1222 meretur.
1282 1150 1408 1222 Simul
1425 1153 1524 1225 tela'e
1546 1155 1749 1231 cellulosae
1770 1143 1913 1232 tenella
1933 1164 2079 1236 lamina
2097 1155 2192 1240 huc·

573 1315 696 1387 usque
728 1291 805 1388 ipsi
839 1288 1123 1384 superinducta,
1156 1309 1261 1360 nunc
1284 1290 1545 1422 maturatione
1571 1293 1753 1390 absbluta,
1780 1299 2011 1450 exsiccatur,
2035 1309 2107 1375 bec
2132 1306 2191 1376 ul

573 1431 693 1502 terius
721 1428 764 1500 in
791 1413 1092 1542 observationem
1118 1411 1240 1552 cadit.
1333 1421 1354 1442 ”
1439 1450 1444 1464 ’
1608 1460 1614 1470 ’
1672 1425 1749 1486 >ι
1798 1435 1803 1476 ³

782 1563 785 1573 ·
1268 1553 1529 1602 ··r·.··.
1650 1545 2122 1613 ..····(

1144 1715 1146 1726 ι
1500 1683 1555 1718 “·
1690 1681 1802 1746 ert-r

1259 1725 1435 1859 «ιι.
1590 1815 1596 1824 .

1263 1829 1269 1865 t
1377 1833 1412 1872 ι·
1733 1817 1790 1857 ’ἵ

675 1965 779 2042 Haec
805 1977 913 2064 quae
928 1957 982 2042 ‹le'
1000 1967 1260 2040 mutationum
1290 1947 1606 2043 successione¹in
1632 1972 1764 2046 ilicini
1785 1969 1864 2046 'ovo‘
1879 1974 2098 2048 ‘secundum
2124 1973 2200 2050 naa*

571 2095 699 2178 t'uram
740 2106 1065 2202 exposuimussi
1104 2127 1195 2178 curn
1225 2105 1301 2180 illis
1335 2105 1599 2202 conferantur,
1631 2116 1742 2202 *quue'
1780 2111 1884 2182 circa*
1919 2111 2021 2185 illud
2057 2113 2194 2207 ipsum
2310 2177 2322 2198 ,

574 2242 763 2314 enarravit
793 2258 834 2314 et
864 2229 1137 2338 pulcherrimis
1170 2243 1341 2318 iconibus
1375 2243 1572 2316 illustrare
1590 2247 1763 2352 tentavit
1787 2249 1884 2320 Clar.
1911 2241 2131 2339 Brognraru
2144 2245 2194 2334 *Υ

571 2380 705 2451 statim
729 2379 887 2474 patebit,
926 2381 983 2452 Cl.
1009 2377 1137 2450 virum
1164 2379 1259 2456 illud
1285 2381 1348 2452 ori
1373 2379 1629 2473 involucrum,
1668 2381 1769 2474 quod
1802 2385 2046 2455 membranae
2072 2386 2189 2457 inter·

566 2531 643 2589 'noe
658 2516 820 2590 nomine
837 2515 1132 2613 designavimus,
1159 2519 1313 2590 omnino
1328 2517 1553 2614 neglexisse.
1605 2499 1760 2589 Tribuit
1775 2505 1883 2589 enirn
1894 2519 2034 2590 Ricino
2048 2532 2188 2593 testam

572 2653 914 2745 membranaceum,
943 2667 1112 2750 tegmen
1138 2669 1260 2724 autem
1289 2665 1529 2725 crustaceum
1555 2667 1594 2724 et
1620 2651 1722 2724 inter
1747 2644 1821 2726 hoc
1847 2671 1962 2748 atque
1989 2657 2188 2750 endbsper·

572 2789 699 2864 mium
725 2811 808 2861 non
833 2788 912 2861 nisi
937 2783 1096 2860 unicam
1111 2758 1305 2884 numerat,
1333 2767 1575 2882 eandemque
1589 2803 1760 2882 tenuem·
1786 2793 2060 2868 membranam.
2116 2795 2190 2868 Red

571 2949 658 2997 vera
684 2939 815 2998 autam
842 2921 951 3020 quod
970 2949 1039 3020 pro
1064 2929 1162 2998 testa
1187 2927 1297 3000 habet
1318 2923 1374 2997 Cl.
1399 2921 1470 3016 vir,
1479 2925 1770 3024 tenuissimum
1797 2941 1854 2996 est
1877 2910 2043 2997 stratum
2069 2929 2190 3000 cellu

571 3067 669 3156 lare,
727 3061 828 3158 quod
866 3059 1037 3134 absoluta
1075 3062 1292 3162 maturitate
1333 3045 1554 3133 evanescere
1594 3060 1763 3154 videtur,
1822 3043 1914 3134 dum
1956 3061 1996 3132 id
2035 3055 2189 3133 involo·

572 3220 697 3290 crum,
735 3198 837 3292 quod
862 3203 1021 3296 tegmen
1047 3199 1105 3272 Cl.
1132 3197 1273 3272 auctori
1299 3181 1502 3293 perperam
1528 3205 1700 3290 vocatur,
1741 3219 1828 3270 vere
1859 3197 1912 3270 sit
1938 3213 2036 3270 testa
2063 3201 2187 3270 nomi-

572 3335 713 3429 nanda,
750 3333 811 3406 uti
836 3331 960 3428 ipsine
985 3325 1164 3410 indoles
1162 3349 1348 3408 mustacea
1371 3335 1453 3424 jam
1478 3333 1600 3455 docet.
1664 3325 1816 3406 Hane·
1805 3349 1907 3406 mter
1934 3349 1973 3406 et
1999 3327 2189 3430 peritper

573 3473 700 3542 mium
740 3469 923 3564 interius,
971 3469 1073 3564 quoii
1097 3444 1350 3568 embryonem
1386 3469 1561 3572 proxime
1603 3471 1741 3562 ambit,
1788 3491 1882 3541 non
1908 3470 2090 3564 unicum,
2129 3487 2187 3548 ut

571 3610 645 3681 Ille
675 3609 806 3698 habet,
847 3605 914 3680 sed
946 3603 1023 3679 duo
1054 3606 1195 3679 adsunt
1225 3607 1434 3702 involucra,
1473 3627 1637 3701 quarum
1670 3604 1834 3678 interius
1865 3601 1944 3675 cito
1969 3605 2185 3696 collabitur,

572 3743 741 3819 exterius
759 3760 891 3818 autem
916 3743 1075 3842 longius
1099 3742 1266 3840 persistit
1290 3757 1331 3815 et
1351 3731 1484 3816 omnes
1506 3719 1750 3816 membranae
1771 3742 1946 3813 internae
1968 3729 2077 3814 notas
2102 3761 2186 3838 pos·

446 3953 452 3962 ,
571 3881 680 3954 sidet.
734 3880 924 3956 Similiter
948 3897 1081 3954 contra
1108 3881 1165 3958 ct.
1196 3877 1424 3954 Trwterum
1450 3895 1543 3952 sunt
1567 3881 1753 3974 quaedam
1773 3874 1964 3948 monenda
1986 3869 2186 3950 circa'mo·

572 4017 678 4110 dum,
716 4041 794 4112 quo
820 4019 976 4116 embryo
1001 4015 1247 4116 primnm'in
1266 3991 1580 4089 orofformatuu
1624 4014 1786 4090 Videtur
1809 3991 1916 4086 euim
1943 4013 2186 4086 Cl.'tir'sibi

572 4153 785 4226 observasse
813 4151 855 4226 in
882 4156 1088 4252 embryone
1112 4151 1193 4230 eut
1214 4147 1328 4250 'etque
1353 4139 1557 4252 'amygdali
1582 4151 1688 4224 nasci
1715 4133 1958 4246 cotyledones
1980 4173 2052 4246 ope
2077 4151 2185 4222 lissu-

572 4311 645 4384 rae,
673 4313 747 4388 qua
773 4291 940 4372 vesicula
964 4293 1026 4367 rel
1050 4292 1229 4392 globulus
1261 4277 1511 4381 (nemimem
1531 4309 1611 4360 esse
1633 4287 1870 4386 primitivam
1891 4287 1974 4378 ejus
1996 4272 2183 4376 formam)

570 4565 874 4588 Ἥ

510 4685 516 4694 ’
571 4720 577 4731 ·
668 4695 704 4795 ’·)·
727 4702 968 4788 1..clso1.aos.
1002 4712 1098 4788 n‘tt.
1129 4729 1150 4782 ι.
1172 4712 1200 4788 ι.“
1234 4687 1240 4705 ’
1277 4686 1297 4736 '³
1356 4695 1362 4709 ’
1485 4695 1492 4733 ⁵
1567 4707 1572 4714 ’
