4856 5954
892 629 955 657 .-
1035 594 1080 668 tt
1160 567 1288 658 -'.

205 815 210 824 ¹
242 834 488 938 coementi·
505 835 551 906 fit
575 832 784 924 inl’runo,
818 827 1010 924 Daphne·
1026 824 1334 928 Motuordicaft)
1382 829 1444 900 vel
1468 827 1515 902 ad
1540 830 1640 902 hanc
1665 827 1883 936 periodum!

250 985 519 1068 acquestum,
551 968 655 1063 quod
680 969 724 1038 in
750 947 972 1058 Euphorbia
998 963 1083 1034 fieri
1110 932 1368 1056 videmus'**)
1434 965 1521 1038 Alio
1548 966 1661 1036 modo
1687 986 1728 1033 se
1754 961 1868 1032 habet

252 1111 298 1182 in
323 1104 756 1202 Mirabili,.Sparganio,
789 1099 984 1192 Alismate,
1018 1115 1058 1170 et
1080 1093 1205 1174 forsan
1232 1099 1346 1188 variis
1374 1099 1416 1170 in
1443 1102 1586 1194 plantis
1614 1101 1659 1172 ad
1685 1099 1883 1202 Liliaceag

249 1267 337 1316 rum
362 1242 539 1316 ordinem
565 1243 712 1314 relatisr
755 1237 887 1330 iubis
914 1236 1023 1308 enim
1044 1242 1211 1308 “stratum
1239 1236 1338 1307 illud
1359 1238 1552 1331 cellulare,
1583 1237 1628 1308 de
1649 1257 1725 1330 quo
1745 1214 1883 1336 locutis

248 1379 395 1470 sumus,
416 1377 640 1473 ‘particulas
666 1376 915 1468 embryonem
940 1369 1223 1480 germinantem
1250 1373 1479 1469 nutrituras,
1509 1361 1588 1446 ‘sub
1616 1374 1867 1476 graculorum

247 1515 371 1586 forma
396 1513 442 1584 in
467 1491 625 1586 cellulas
651 1535 737 1584 suas
764 1508 903 1605 recipit
928 1523 967 1582 et
992 1501 1084 1580 inde
1116 1507 1263 1578 ambitu
1295 1534 1365 1582 sua
1397 1527 1435 1584 et
1469 1511 1720 1583 crassitudine
1752 1529 1866 1605 auge·
1905 1485 1913 1510 ’

246 1666 330 1722 tur:
373 1670 449 1745 quo
474 1648 518 1720 in
544 1670 633 1731 casu
659 1647 821 1720 subinde
847 1667 1000 1740 quoque
1026 1633 1173 1734 amnica
1199 1644 1337 1740 adesse,
1372 1648 1536 1720 subinde
1568 1665 1710 1738 tamen,
1750 1640 1875 1748 ruodo¹

208 1755 330 1864 ¹‘rem
355 1787 400 1857 in
424 1784 633 1884 Sparganio
667 1800 707 1858 et
731 1782 917 1857 Alismate
947 1783 1046 1862 bene
1079 1781 1369 1878 observavimus,
1384 1781 1470 1872 ***)
1511 1783 1673 1856 omnino
1706 1757 1876 1868 delicere'

248 1920 408 1994 videtur.
500 1951 502 1956 ·
620 1957 624 1969 ·

996 2085 1035 2200 ὃ·
1073 2095 1115 2182 7.

377 2305 481 2382 Haec
508 2329 597 2378 eum
621 2307 679 2380 ita
703 2307 795 2402 sint,
835 2304 1019 2402 sequitur,
1060 2305 1230 2378 obtinere
1257 2308 1484 2402 plerumque
1510 2306 1614 2376 inter
1638 2303 1798 2374 amnion
1824 2297 1880 2372 et'·

247 2461 385 2534 corpus
411 2440 511 2538 illud
537 2443 780 2536 cellulosum,
818 2443 919 2538 quod
944 2443 1167 2516 membrana
1192 2443 1344 2514 interna
1369 2443 1548 2536 ambitur,
1580 2423 1779 2512 'rationem
1804 2437 1862 2508 iu·

246 2597 406 2668 versam,
445 2577 500 2648 ita
524 2578 683 2672 quidem
709 2593 765 2674 ut,
799 2577 893 2650 dum
918 2579 1068 2652 amnios
1092 2580 1375 2650 incrementum
1407 2579 1544 2674 capiat,
1582 2580 1748 2649 alterum
1775 2597 1863 2646 con·

122 2809 125 2818 .
245 2712 419 2802 trahatur
437 2727 477 2782 et
496 2729 638 2804 contra,
653 2699 759 2785 ¹dum
777 2714 852 2784 hoc
866 2715 1073 2808 solidescit,
1100 2695 1424 2788 amnios“nullum
1443 2717 1575 2786 subeat
1592 2705 1860 2812 augmentum.

245 2845 331 2916 Non
357 2847 483 2940 placet
508 2845 638 2938 itaque
665 2849 798 2919 nuclei
824 2835 1168 2946 vocabuluquuo
1195 2873 1282 2924 cum
1310 2853 1515 2920 Guartnero
1535 2851 1730 2918 Browrrius
1755 2825 1865 2924 intro·¹

244 2981 399 3085 lucrum
424 2980 543 3051 hocce
568 2983 749 3053 cellulare
774 2983 989 3080 designant,
1022 3001 1108 3056 tum
1130 2987 1229 3080 quod
1255 2957 1377 3080 ipsius
1393 2975 1519 3056 'nexus
1547 3008 1635 3076 cum
1664 2982 1860 3056 essentiali

91 3123 96 3143 ¹
178 3215 182 3223 Ι
243 3115 403 3188 seminis
430 3130 537 3209 parte
563 3113 654 3188 inde
679 3120 784 3192 haud
810 3123 970 3210 eluceat,
1009 3137 1096 3193 tum
1122 3123 1221 3215 quod
1247 3122 1291 3192 in
1318 3121 1477 3193 seminis
1504 3120 1647 3192 maturi
1674 3121 1859 3192 nucleum

244 3249 468 3344 saepissime
499 3251 605 3322 haud
634 3255 742 3326 abeat
768 3271 807 3328 et
833 3273 928 3330 tunc
954 3255 1053 3328 alius
1081 3275 1179 3330 esset
1208 3233 1315 3328 ovuli
1347 3259 1525 3350 nucleus,
1565 3255 1664 3328 alius
1698 3255 1858 3326 seminis

245 3385 399 3456 maturi
456 3385 584 3484 Magis
609 3389 768 3482 quidem
792 3391 933 3464 arridet
957 3393 1197 3487 perispermii
1223 3393 1382 3464 mediati
1408 3415 1562 3486 noman,
1596 3415 1671 3484 quo
1702 3391 1858 3464 Troclre·

245 3511 319 3590 tius
343 3517 455 3612 illud,
481 3521 584 3593 sicut
609 3524 768 3596 amnion
794 3527 1038 3622 perisparmii
1063 3528 1275 3600 immediati
1296 3531 1479 3602 vocabulo
1499 3527 1658 3600 salutat:
1693 3542 1859 3621 praestat

243 3669 376 3726 tamen
401 3655 503 3728 illud
530 3637 661 3731 vocare
684 3660 982 3756 perispermium
1014 3649 1195 3759 exterius,
1235 3645 1352 3738 sicuti
1377 3668 1452 3738 hoc
1477 3663 1773 3758 perispermium
1799 3663 1858 3732 iu·

227 3765 375 3884 ⁸terius,
402 3795 696 3898 quorumlhaud
722 3817 804 3868 raro
830 3799 1072 3893 alterutrum,
1098 3825 1295 3896 nunquam
1319 3825 1405 3874 vero
1423 3801 1544 3874 simul
1569 3814 1777 3892 utrumque
1797 3799 1857 3868 de·

226 3903 441 4000 rideretur.
515 3929 598 4002 Hac
630 3931 737 4004 enim
764 3917 1077 4008 denominatione
1107 3939 1217 4044 variis
1250 3907 1393 4032 modis,
1431 3938 1570 4032 quibus
1597 3935 1751 4027 embryo
1775 3951 1857 4051 carp

243 4064 427 4153 tenellus,
461 4087 578 4160 quam
597 4080 726 4138 aetate
749 4070 973 4164 provectior,
1004 4057 1178 4145 inclusus
1199 4091 1271 4168 est,
1305 4071 1743 4148 satisfactumvidetur:
1785 4091 1856 4185 nec

345 4465 372 4530 )
398 4462 460 4516 Gir.
465 4481 581 4560 opusc
602 4475 712 4520 nostra
742 4469 855 4524 lond.
873 4473 967 4525 Entw
986 4475 1036 4528 das
1055 4475 1182 4545 Erubryo
1201 4487 1257 4531 etc
1285 4477 1347 4550 rip
1364 4475 1855 4542 ts-55397-102;1ta-121.

260 4567 265 4574 ’
335 4563 374 4628 ”l
401 4561 478 4616 ibid
497 4563 561 4638 rig
580 4567 744 4626 114-117

324 4659 875 4736 ”)1ttt.rtgra-19;29-ss
983 4673 992 4688 '
1455 4746 1530 4825 2*
