4856 5954
1153 663 1521 744 ...4-

571 927 698 985 turam
724 907 769 980 in
794 909 868 980 hoc
893 927 1056 1022 numero
1082 921 1254 978 constare
1280 919 1330 1000 et,
1363 904 1466 980 sicut
1487 906 1685 980 interdum
1711 911 1931 990 membrana
1952 929 2109 984 externa
2136 889 2197 985 vel
2225 955 2228 962 .

572 1045 871 1146 perispermium
898 1045 1037 1136 deesse,
1069 1043 1125 1115 ita
1150 1042 1313 1116 subinde
1339 1042 1407 1115 illa
1432 1045 1476 1115 in
1504 1043 1623 1139 duplo
1645 1045 1773 1118 adesse
1805 1045 1996 1138 videatur3
2040 1049 2140 1140 quod
2161 1048 2207 1144 si,

573 1189 659 1280 liat,
699 1181 884 1256 numerus
910 1179 1134 1254 tunicarum
1160 1180 1220 1252 ovi
1246 1181 1299 1252 sit
1325 1181 1601 1274 quaternarius.
1614 1179 1651 1270 *)
1730 1181 1922 1255 sexennio
1950 1182 2042 1254 inde
2069 1186 2197 1278 elapso

482 1345 486 1355 “
573 1327 653 1398 Cel·
680 1335 815 1394 auctor
843 1315 1092 1416 Gallicus**)
1124 1318 1169 1390 in
1201 1317 1349 1390 easdem
1376 1332 1501 1412 partes
1527 1318 1748 1412 inquirens,
1787 1319 1853 1390 sed
1881 1335 1961 1390 tam
1987 1319 2199 1412 Malpr'glzii
2297 1411 2301 1420 ¹
2349 1294 2354 1304 ¹

576 1475 615 1532 et
642 1459 792 1544 Gauii,
820 1479 938 1551 quarn
963 1471 1182 1528 nostrorum
1206 1455 1379 1528 laborum
1407 1457 1522 1550 plane
1549 1455 1695 1526 inscius
1718 1458 1778 1528 vel
1797 1456 2026 1546 incuriosus,
2052 1455 2202 1526 iterunl
2295 1493 2301 1518 ι

576 1599 650 1670 tria
671 1591 978 1700 ovi'vegetabilis
997 1592 1196 1664 involucra
1212 1613 1293 1663 esse
1316 1593 1437 1682 docet,
1473 1565 1592 1685 quae,'
1616 1591 1677 1662 uti
1701 1607 1758 1664 est
1779 1603 1965 1662 novorum
1992 1591 2200 1662 nominum

577 1731 753 1828 cupidus,
779 1729 930 1822 loricae,
956 1728 1199 1824 perispermii
1219 1725 1378 1798 mediati
1407 1751 1436 1798 s.
1461 1727 1703 1800 eneilematis
1731 1743 1770 1800 et
1797 1727 2039 1832 perispernrii
2065 1729 2200 1800 imme·

580 1871 676 1944 diati
703 1893 732 1968 s.
751 1865 944 1963 ‘tegminis
974 1865 1164 1938 vocabulis
1191 1865 1374 1961 designat.
1434 1863 1475 1936 si
1502 1879 1633 1935 tamen
1658 1866 1742 1954 ejus
1769 1865 1910 1962 figuras
1938 1887 2027 1936 cum
2054 1864 2198 1956 Malpt'-

557 1984 742 2098 glriunis,
779 2001 989 2114 Qrcwianis
1013 2016 1053 2071 et
1081 2001 1218 2072 nostris
1243 2021 1437 2094 compares
1463 2023 1522 2071 ex.
1547 2023 1602 2098 gr.
1630 2000 1819 2072 tabulael
1853 1999 1991 2098 figuras
2011 2003 2123 2076 14·-
2140 2004 2198 2089 17,

578 2165 675 2240 quae
701 2139 904 2234 amygdali
930 2138 1151 2209 communis
1171 2159 1289 2208 orum
1317 2137 1507 2230 quomodo
1537 2138 1732 2208 evolvatur
1758 2137 1914 2224 sistunt,
1941 2159 2030 2208 cum
2055 2135 2197 2225 Malpi·
2242 2219 2246 2226 .

580 2279 731 2372 gbianis
762 2275 861 2364 illis,
908 2271 1048 2366 quibus
1080 2273 1249 2362 ejusdem
1282 2273 1414 2366 stirpis
1441 2275 1604 2374 oculum
1638 2269 1859 2364 exhibetur,
1898 2291 1969 2342 nec
2003 2291 2084 2361 non
2108 2292 2198 2346 cum
2302 2267 2308 2277 “

585 2413 805 2496 Gramineis,
841 2431 938 2503 quae
962 2408 1123 2480 seminis
1149 2411 1435 2507 generationem
1462 2431 1484 2476 e
1511 2409 1638 2478 Prono
1667 2407 1893 2478 Armeniaca
1917 2421 2128 2510 exponunt,
2161 2419 2200 2474 et

582 2549 721 2624 nostris
750 2547 870 2618 Prnni
898 2544 1144 2618 Armeniacae
1169 2545 1362 2618 iconibus:
1399 2543 1514 2646 facille
1534 2541 1608 2614 tibi
1636 2541 1890 2636 persuadebis,
1923 2527 2082 2613 loricam
2112 2542 2199 2610 Tro·

583 2689 698 2760 clario
726 2684 870 2756 dictam
896 2703 977 2753 esse
1002 2643 1262 2754 membranam
1296 2697 1466 2770 nostram
1500 2694 1716 2770 externam
1757 2679 1839 2764 ejus
1867 2677 2056 2748 eneilema
2082 2698 2202 2746 mem·
2266 2719 2270 2732 ·

584 2809 738 2896 branam
757 2835 928 2890 nostram
942 2817 1162 2904 internam,
1196 2833 1352 2916 tegmen
1379 2805 1509 2888 antem
1536 2811 1832 2908 perisperrnium
1863 2825 2059 2882 nostrum:
2098 2812 2201 2882 unde

584 2973 690 3056 patet
718 2957 774 3030 Cl.
807 2969 1000 3028 auctorem
1036 2953 1353 3054 integumentum
1388 2953 1446 3022 vel
1476 2951 1677 3022 internum
1709 2945 1771 3018 vel
1802 2959 2007 3018 externum
2039 2947 2201 3020 omnino

708 3399 787 3468 llos
813 3409 966 3466 secutus
994 3393 1121 3486 elapso
1148 3355 1356 3462 nunciare
1389 3387 1559 3460 triennio
1586 3385 1830 3458 Clarissimus
1856 3361 2019 3478 scriptor
2045 3382 2202 3477 anglus,

587 3535 770 3605 liebertus
803 3533 955 3614 Bruwn,
994 3527 1036 3598 in
1069 3527 1295 3598 delineanda
1327 3525 1492 3620 Kingiae
1525 3521 1616 3592 novi
1648 3499 1868 3616 plantarum
1899 3518 2049 3616 generis
2076 3519 2203 3590 chara·

554 3654 557 3663 ’
587 3687 702 3760 ctere,
738 3665 836 3738 circa
863 3679 1096 3736 structuram
1119 3663 1181 3734 ovi
1204 3659 1424 3758 vegetabilis
1453 3661 1496 3730 in
1519 3657 1741 3730 universum
1760 3655 1992 3730 sententiam
2009 3657 2121 3725 'suam
2144 3675 2205 3724 ex·

585 3093 808 3194 neglexisse.
873 3106 877 3118 ·

585 3801 815 3904 ponit3***)
854 3823 952 3894 quae
970 3797 1169 3894 expositio,
1197 3799 1286 3869 licet
1307 3815 1483 3870 sermone
1508 3794 1808 3886 obscuriusculo,
1834 3791 2055 3884 etmarias,
2087 3811 2201 3883 quam
2319 3811 2324 3824 ·

587 4049 897 4072 ffl-
954 4049 957 4054 ¹

690 4187 716 4255 ’Ἃ
743 4185 776 4239 L.
798 4201 823 4239 c.
840 4186 1008 4246 88·66·78.

677 4322 720 4390 ”)
745 4321 782 4388 Η.
796 4320 942 4375 Durrocber
958 4311 1145 4374 Reche‘rclres
1164 4333 1215 4370 sur
1232 4315 1488 4372 Faccroissement
1506 4324 1536 4368 et
1554 4313 1584 4367 la
1597 4312 1810 4383 reproduction
1824 4311 1873 4366 cles
1886 4316 2038 4378 vegetans.
2063 4299 2143 4356 Sect.
2155 4301 2205 4374 Ill.

735 4421 785 4476 Du
804 4421 1050 4492 developpement
1068 4419 1118 4472 der
1137 4417 1238 4472 ocules
1256 4425 1286 4472 et
1302 4417 1530 4484 decembryono
1549 4415 1703 4468 serainaux
1719 4412 1791 4466 dana
1809 4411 1853 4466 les
1871 4409 1994 4462 oraim.
2035 4403 2145 4470 (Mena.
2165 4397 2205 4450 du
2277 4417 2285 4428 ’

737 4524 819 4578 otus.
839 4521 947 4578 d’ltist.
969 4528 1031 4574 nat.
1050 4519 1147 4585 vm.)
1646 4495 1661 4526 ⁸

661 4659 713 4728 Μ)
738 4657 901 4711 character
918 4655 975 4708 ancl
986 4653 1180 4722 ‘Description
1200 4652 1234 4704 ol
1249 4651 1375 4723 llingist
1396 4646 1469 4704 vict
1485 4647 1697 4702 observatiam
1715 4663 1754 4702 on
1768 4645 1819 4698 tlte
1833 4643 1991 4697 structure
2006 4642 2040 4695 of
2054 4641 2094 4694 its
2109 4640 2206 4693 unim-

729 4754 1120 4829 supramemoratae.
1156 4753 1302 4824 (Voyoges
1320 4752 1354 4808 ol
1369 4750 1548 4819 Discovem
1573 4747 1611 4816 by
1635 4747 1665 4800 P.
1684 4747 1715 4802 P.
1734 4746 1819 4814 Χίης.
1854 4743 1898 4796 11.
1915 4739 2061 4812 Append.)
